%YAML 1.1
%TAG !u! tag:unity3d.com,2011:
--- !u!1 &68129798509887686
GameObject:
  m_ObjectHideFlags: 0
  m_CorrespondingSourceObject: {fileID: 0}
  m_PrefabInstance: {fileID: 0}
  m_PrefabAsset: {fileID: 0}
  serializedVersion: 6
  m_Component:
  - component: {fileID: 562739495695751825}
  m_Layer: 0
  m_Name: LeftHandIndex2
  m_TagString: Untagged
  m_Icon: {fileID: 0}
  m_NavMeshLayer: 0
  m_StaticEditorFlags: 0
  m_IsActive: 1
--- !u!4 &562739495695751825
Transform:
  m_ObjectHideFlags: 0
  m_CorrespondingSourceObject: {fileID: 0}
  m_PrefabInstance: {fileID: 0}
  m_PrefabAsset: {fileID: 0}
  m_GameObject: {fileID: 68129798509887686}
  m_LocalRotation: {x: -0.01335398, y: 0.032988746, z: 0.05576981, w: 0.9978092}
  m_LocalPosition: {x: -0.032291904, y: -0.0057491474, z: -0.0014349759}
  m_LocalScale: {x: 1, y: 1, z: 1}
  m_Children:
  - {fileID: 2578734129567611145}
  m_Father: {fileID: 5619189530647542251}
  m_RootOrder: 0
  m_LocalEulerAnglesHint: {x: 0, y: 0, z: 0}
--- !u!1 &187097460051283940
GameObject:
  m_ObjectHideFlags: 0
  m_CorrespondingSourceObject: {fileID: 0}
  m_PrefabInstance: {fileID: 0}
  m_PrefabAsset: {fileID: 0}
  serializedVersion: 6
  m_Component:
  - component: {fileID: 5647865710392775653}
  m_Layer: 0
  m_Name: RightHandPinky1
  m_TagString: Untagged
  m_Icon: {fileID: 0}
  m_NavMeshLayer: 0
  m_StaticEditorFlags: 0
  m_IsActive: 1
--- !u!4 &5647865710392775653
Transform:
  m_ObjectHideFlags: 0
  m_CorrespondingSourceObject: {fileID: 0}
  m_PrefabInstance: {fileID: 0}
  m_PrefabAsset: {fileID: 0}
  m_GameObject: {fileID: 187097460051283940}
  m_LocalRotation: {x: 0.010011263, y: 0.0052955463, z: -0.032488134, w: 0.99940795}
  m_LocalPosition: {x: 0.105294846, y: -0.013730919, z: -0.05625614}
  m_LocalScale: {x: 1, y: 1, z: 1}
  m_Children:
  - {fileID: 7267615311463255642}
  m_Father: {fileID: 8022943237658198250}
  m_RootOrder: 2
  m_LocalEulerAnglesHint: {x: 0, y: 0, z: 0}
--- !u!1 &305581899431921799
GameObject:
  m_ObjectHideFlags: 0
  m_CorrespondingSourceObject: {fileID: 0}
  m_PrefabInstance: {fileID: 0}
  m_PrefabAsset: {fileID: 0}
  serializedVersion: 6
  m_Component:
  - component: {fileID: 5887906654104675835}
  m_Layer: 0
  m_Name: RightHandThumb3
  m_TagString: Untagged
  m_Icon: {fileID: 0}
  m_NavMeshLayer: 0
  m_StaticEditorFlags: 0
  m_IsActive: 1
--- !u!4 &5887906654104675835
Transform:
  m_ObjectHideFlags: 0
  m_CorrespondingSourceObject: {fileID: 0}
  m_PrefabInstance: {fileID: 0}
  m_PrefabAsset: {fileID: 0}
  m_GameObject: {fileID: 305581899431921799}
  m_LocalRotation: {x: 0, y: -0, z: -0, w: 1}
  m_LocalPosition: {x: 0.030295616, y: -0.020997971, z: 0.014158436}
  m_LocalScale: {x: 1, y: 1, z: 1}
  m_Children: []
  m_Father: {fileID: 3283803589715932842}
  m_RootOrder: 0
  m_LocalEulerAnglesHint: {x: 0, y: 0, z: 0}
--- !u!1 &351890124068562303
GameObject:
  m_ObjectHideFlags: 0
  m_CorrespondingSourceObject: {fileID: 0}
  m_PrefabInstance: {fileID: 0}
  m_PrefabAsset: {fileID: 0}
  serializedVersion: 6
  m_Component:
  - component: {fileID: 9100487714693087674}
  m_Layer: 0
  m_Name: LeftLeg
  m_TagString: Untagged
  m_Icon: {fileID: 0}
  m_NavMeshLayer: 0
  m_StaticEditorFlags: 0
  m_IsActive: 1
--- !u!4 &9100487714693087674
Transform:
  m_ObjectHideFlags: 0
  m_CorrespondingSourceObject: {fileID: 0}
  m_PrefabInstance: {fileID: 0}
  m_PrefabAsset: {fileID: 0}
  m_GameObject: {fileID: 351890124068562303}
  m_LocalRotation: {x: 0.29166573, y: 0.11278021, z: 0.03756147, w: 0.9491053}
  m_LocalPosition: {x: -0.004850517, y: -0.3255147, z: 0.001128628}
  m_LocalScale: {x: 1, y: 1, z: 1}
  m_Children:
  - {fileID: 5482787236608831060}
  - {fileID: 9217612270397252694}
  m_Father: {fileID: 4982145579051603133}
  m_RootOrder: 0
  m_LocalEulerAnglesHint: {x: 0, y: 0, z: 0}
--- !u!1 &376818416336212950
GameObject:
  m_ObjectHideFlags: 0
  m_CorrespondingSourceObject: {fileID: 0}
  m_PrefabInstance: {fileID: 0}
  m_PrefabAsset: {fileID: 0}
  serializedVersion: 6
  m_Component:
  - component: {fileID: 1040730597724244332}
  - component: {fileID: 719401163096366672}
  - component: {fileID: 719401163096366675}
  - component: {fileID: 719401163096366673}
  m_Layer: 0
  m_Name: Player
  m_TagString: Player
  m_Icon: {fileID: 0}
  m_NavMeshLayer: 0
  m_StaticEditorFlags: 0
  m_IsActive: 1
--- !u!4 &1040730597724244332
Transform:
  m_ObjectHideFlags: 0
  m_CorrespondingSourceObject: {fileID: 0}
  m_PrefabInstance: {fileID: 0}
  m_PrefabAsset: {fileID: 0}
  m_GameObject: {fileID: 376818416336212950}
  m_LocalRotation: {x: 0, y: 0, z: 0, w: 1}
  m_LocalPosition: {x: 500.8, y: 0, z: 20.1}
  m_LocalScale: {x: 1.5, y: 1.5, z: 1.5}
  m_Children:
  - {fileID: 5568791408459094572}
  - {fileID: 489433923981934074}
  - {fileID: 3808119957352214567}
  - {fileID: 11555116428968477}
  - {fileID: 1011492817758031461}
  m_Father: {fileID: 0}
  m_RootOrder: 0
  m_LocalEulerAnglesHint: {x: 0, y: 0, z: 0}
--- !u!143 &719401163096366672
CharacterController:
  m_ObjectHideFlags: 0
  m_CorrespondingSourceObject: {fileID: 0}
  m_PrefabInstance: {fileID: 0}
  m_PrefabAsset: {fileID: 0}
  m_GameObject: {fileID: 376818416336212950}
  m_Material: {fileID: 0}
  m_IsTrigger: 0
  m_Enabled: 1
  serializedVersion: 2
  m_Height: 1.81
  m_Radius: 0.36
  m_SlopeLimit: 45
  m_StepOffset: 0.35
  m_SkinWidth: 0.08
  m_MinMoveDistance: 0.001
  m_Center: {x: 0, y: 1, z: 0}
--- !u!95 &719401163096366675
Animator:
  serializedVersion: 3
  m_ObjectHideFlags: 0
  m_CorrespondingSourceObject: {fileID: 0}
  m_PrefabInstance: {fileID: 0}
  m_PrefabAsset: {fileID: 0}
  m_GameObject: {fileID: 376818416336212950}
  m_Enabled: 1
  m_Avatar: {fileID: 0}
  m_Controller: {fileID: 9100000, guid: 55078de4704611a45a6d34bd9416f048, type: 2}
  m_CullingMode: 0
  m_UpdateMode: 0
  m_ApplyRootMotion: 0
  m_LinearVelocityBlending: 0
  m_WarningMessage: 
  m_HasTransformHierarchy: 1
  m_AllowConstantClipSamplingOptimization: 1
  m_KeepAnimatorControllerStateOnDisable: 0
--- !u!114 &719401163096366673
MonoBehaviour:
  m_ObjectHideFlags: 0
  m_CorrespondingSourceObject: {fileID: 0}
  m_PrefabInstance: {fileID: 0}
  m_PrefabAsset: {fileID: 0}
  m_GameObject: {fileID: 376818416336212950}
  m_Enabled: 1
  m_EditorHideFlags: 0
  m_Script: {fileID: 11500000, guid: e006f6b5e98c0324ea669f1dec904e24, type: 3}
  m_Name: 
  m_EditorClassIdentifier: 
  Cam: {fileID: 0}
  move_speed: 10
  turnsmoothtime: 0.1
  gravity: 1
--- !u!1 &378911149426237912
GameObject:
  m_ObjectHideFlags: 0
  m_CorrespondingSourceObject: {fileID: 0}
  m_PrefabInstance: {fileID: 0}
  m_PrefabAsset: {fileID: 0}
  serializedVersion: 6
  m_Component:
  - component: {fileID: 5206117983461741832}
  m_Layer: 0
  m_Name: RightHandMiddle2
  m_TagString: Untagged
  m_Icon: {fileID: 0}
  m_NavMeshLayer: 0
  m_StaticEditorFlags: 0
  m_IsActive: 1
--- !u!4 &5206117983461741832
Transform:
  m_ObjectHideFlags: 0
  m_CorrespondingSourceObject: {fileID: 0}
  m_PrefabInstance: {fileID: 0}
  m_PrefabAsset: {fileID: 0}
  m_GameObject: {fileID: 378911149426237912}
  m_LocalRotation: {x: -0.036231913, y: -0.062010903, z: -0.21082842, w: 0.9748812}
  m_LocalPosition: {x: 0.03290935, y: -0.008754621, z: -0.0018692749}
  m_LocalScale: {x: 1, y: 1, z: 1}
  m_Children:
  - {fileID: 5404100421503650766}
  m_Father: {fileID: 9120627982439221878}
  m_RootOrder: 0
  m_LocalEulerAnglesHint: {x: 0, y: 0, z: 0}
--- !u!1 &648020761535378218
GameObject:
  m_ObjectHideFlags: 0
  m_CorrespondingSourceObject: {fileID: 0}
  m_PrefabInstance: {fileID: 0}
  m_PrefabAsset: {fileID: 0}
  serializedVersion: 6
  m_Component:
  - component: {fileID: 2538555427299824512}
  m_Layer: 0
  m_Name: RFootTongue
  m_TagString: Untagged
  m_Icon: {fileID: 0}
  m_NavMeshLayer: 0
  m_StaticEditorFlags: 0
  m_IsActive: 1
--- !u!4 &2538555427299824512
Transform:
  m_ObjectHideFlags: 0
  m_CorrespondingSourceObject: {fileID: 0}
  m_PrefabInstance: {fileID: 0}
  m_PrefabAsset: {fileID: 0}
  m_GameObject: {fileID: 648020761535378218}
  m_LocalRotation: {x: 0, y: -0, z: -0, w: 1}
  m_LocalPosition: {x: 0.011422202, y: -0.0105979, z: 0.06665161}
  m_LocalScale: {x: 1, y: 1, z: 1}
  m_Children: []
  m_Father: {fileID: 1114865486372698664}
  m_RootOrder: 0
  m_LocalEulerAnglesHint: {x: 0, y: 0, z: 0}
--- !u!1 &752828364619400685
GameObject:
  m_ObjectHideFlags: 0
  m_CorrespondingSourceObject: {fileID: 0}
  m_PrefabInstance: {fileID: 0}
  m_PrefabAsset: {fileID: 0}
  serializedVersion: 6
  m_Component:
  - component: {fileID: 7772481167217702145}
  m_Layer: 0
  m_Name: LeftHandThumb1
  m_TagString: Untagged
  m_Icon: {fileID: 0}
  m_NavMeshLayer: 0
  m_StaticEditorFlags: 0
  m_IsActive: 1
--- !u!4 &7772481167217702145
Transform:
  m_ObjectHideFlags: 0
  m_CorrespondingSourceObject: {fileID: 0}
  m_PrefabInstance: {fileID: 0}
  m_PrefabAsset: {fileID: 0}
  m_GameObject: {fileID: 752828364619400685}
  m_LocalRotation: {x: 0.07273019, y: -0.06160142, z: 0.026330842, w: 0.9950991}
  m_LocalPosition: {x: -0.03593976, y: -0.01460358, z: 0.033655692}
  m_LocalScale: {x: 1, y: 1, z: 1}
  m_Children:
  - {fileID: 7603226314507425278}
  m_Father: {fileID: 8709424356160258928}
  m_RootOrder: 4
  m_LocalEulerAnglesHint: {x: 0, y: 0, z: 0}
--- !u!1 &816221400406309336
GameObject:
  m_ObjectHideFlags: 0
  m_CorrespondingSourceObject: {fileID: 0}
  m_PrefabInstance: {fileID: 0}
  m_PrefabAsset: {fileID: 0}
  serializedVersion: 6
  m_Component:
  - component: {fileID: 5816187112839834008}
  m_Layer: 0
  m_Name: LeftHandThumb3
  m_TagString: Untagged
  m_Icon: {fileID: 0}
  m_NavMeshLayer: 0
  m_StaticEditorFlags: 0
  m_IsActive: 1
--- !u!4 &5816187112839834008
Transform:
  m_ObjectHideFlags: 0
  m_CorrespondingSourceObject: {fileID: 0}
  m_PrefabInstance: {fileID: 0}
  m_PrefabAsset: {fileID: 0}
  m_GameObject: {fileID: 816221400406309336}
  m_LocalRotation: {x: 0, y: -0, z: -0, w: 1}
  m_LocalPosition: {x: -0.030295616, y: -0.020997971, z: 0.014158436}
  m_LocalScale: {x: 1, y: 1, z: 1}
  m_Children: []
  m_Father: {fileID: 7603226314507425278}
  m_RootOrder: 0
  m_LocalEulerAnglesHint: {x: 0, y: 0, z: 0}
--- !u!1 &909881243099716507
GameObject:
  m_ObjectHideFlags: 0
  m_CorrespondingSourceObject: {fileID: 0}
  m_PrefabInstance: {fileID: 0}
  m_PrefabAsset: {fileID: 0}
  serializedVersion: 6
  m_Component:
  - component: {fileID: 836775739068597522}
  m_Layer: 0
  m_Name: RHoodieString1
  m_TagString: Untagged
  m_Icon: {fileID: 0}
  m_NavMeshLayer: 0
  m_StaticEditorFlags: 0
  m_IsActive: 1
--- !u!4 &836775739068597522
Transform:
  m_ObjectHideFlags: 0
  m_CorrespondingSourceObject: {fileID: 0}
  m_PrefabInstance: {fileID: 0}
  m_PrefabAsset: {fileID: 0}
  m_GameObject: {fileID: 909881243099716507}
  m_LocalRotation: {x: 0, y: -0, z: -0, w: 1}
  m_LocalPosition: {x: 0.00257711, y: -0.06364301, z: 0.03694586}
  m_LocalScale: {x: 1, y: 1, z: 1}
  m_Children:
  - {fileID: 2464822402764853732}
  m_Father: {fileID: 7179110153296122553}
  m_RootOrder: 0
  m_LocalEulerAnglesHint: {x: 0, y: 0, z: 0}
--- !u!1 &1074838677780638458
GameObject:
  m_ObjectHideFlags: 0
  m_CorrespondingSourceObject: {fileID: 0}
  m_PrefabInstance: {fileID: 0}
  m_PrefabAsset: {fileID: 0}
  serializedVersion: 6
  m_Component:
  - component: {fileID: 2271363928847042935}
  m_Layer: 0
  m_Name: LeftHandRing1
  m_TagString: Untagged
  m_Icon: {fileID: 0}
  m_NavMeshLayer: 0
  m_StaticEditorFlags: 0
  m_IsActive: 1
--- !u!4 &2271363928847042935
Transform:
  m_ObjectHideFlags: 0
  m_CorrespondingSourceObject: {fileID: 0}
  m_PrefabInstance: {fileID: 0}
  m_PrefabAsset: {fileID: 0}
  m_GameObject: {fileID: 1074838677780638458}
  m_LocalRotation: {x: -0.007186884, y: -0.06650063, z: 0.10044274, w: 0.99269193}
  m_LocalPosition: {x: -0.11497079, y: -0.00008906432, z: -0.030700507}
  m_LocalScale: {x: 1, y: 1, z: 1}
  m_Children:
  - {fileID: 7931206655821151319}
  m_Father: {fileID: 8709424356160258928}
  m_RootOrder: 3
  m_LocalEulerAnglesHint: {x: 0, y: 0, z: 0}
--- !u!1 &1128915095422574639
GameObject:
  m_ObjectHideFlags: 0
  m_CorrespondingSourceObject: {fileID: 0}
  m_PrefabInstance: {fileID: 0}
  m_PrefabAsset: {fileID: 0}
  serializedVersion: 6
  m_Component:
  - component: {fileID: 2461708717272366447}
  m_Layer: 0
  m_Name: Neck
  m_TagString: Untagged
  m_Icon: {fileID: 0}
  m_NavMeshLayer: 0
  m_StaticEditorFlags: 0
  m_IsActive: 1
--- !u!4 &2461708717272366447
Transform:
  m_ObjectHideFlags: 0
  m_CorrespondingSourceObject: {fileID: 0}
  m_PrefabInstance: {fileID: 0}
  m_PrefabAsset: {fileID: 0}
  m_GameObject: {fileID: 1128915095422574639}
  m_LocalRotation: {x: -0.03756029, y: 0.011099041, z: -0.0021804033, w: 0.9992304}
  m_LocalPosition: {x: -1.8709584e-11, y: 0.18430685, z: -0.031230537}
  m_LocalScale: {x: 1, y: 1, z: 1}
  m_Children:
  - {fileID: 1954274301198378903}
  m_Father: {fileID: 2286343403479918396}
  m_RootOrder: 4
  m_LocalEulerAnglesHint: {x: 0, y: 0, z: 0}
--- !u!1 &1141152527918121938
GameObject:
  m_ObjectHideFlags: 0
  m_CorrespondingSourceObject: {fileID: 0}
  m_PrefabInstance: {fileID: 0}
  m_PrefabAsset: {fileID: 0}
  serializedVersion: 6
  m_Component:
  - component: {fileID: 8709424356160258928}
  m_Layer: 0
  m_Name: LeftHand
  m_TagString: Untagged
  m_Icon: {fileID: 0}
  m_NavMeshLayer: 0
  m_StaticEditorFlags: 0
  m_IsActive: 1
--- !u!4 &8709424356160258928
Transform:
  m_ObjectHideFlags: 0
  m_CorrespondingSourceObject: {fileID: 0}
  m_PrefabInstance: {fileID: 0}
  m_PrefabAsset: {fileID: 0}
  m_GameObject: {fileID: 1141152527918121938}
  m_LocalRotation: {x: 0.21309122, y: -0.014638499, z: -0.14033939, w: 0.9667899}
  m_LocalPosition: {x: -0.22992906, y: -4.2632563e-16, z: -0.008709004}
  m_LocalScale: {x: 1, y: 1, z: 1}
  m_Children:
  - {fileID: 5619189530647542251}
  - {fileID: 7556669379844135514}
  - {fileID: 844836271990889170}
  - {fileID: 2271363928847042935}
  - {fileID: 7772481167217702145}
  m_Father: {fileID: 8514553629057502967}
  m_RootOrder: 0
  m_LocalEulerAnglesHint: {x: 0, y: 0, z: 0}
--- !u!1 &1211111892837214207
GameObject:
  m_ObjectHideFlags: 0
  m_CorrespondingSourceObject: {fileID: 0}
  m_PrefabInstance: {fileID: 0}
  m_PrefabAsset: {fileID: 0}
  serializedVersion: 6
  m_Component:
  - component: {fileID: 5482787236608831060}
  m_Layer: 0
  m_Name: LeftFoot
  m_TagString: Untagged
  m_Icon: {fileID: 0}
  m_NavMeshLayer: 0
  m_StaticEditorFlags: 0
  m_IsActive: 1
--- !u!4 &5482787236608831060
Transform:
  m_ObjectHideFlags: 0
  m_CorrespondingSourceObject: {fileID: 0}
  m_PrefabInstance: {fileID: 0}
  m_PrefabAsset: {fileID: 0}
  m_GameObject: {fileID: 1211111892837214207}
  m_LocalRotation: {x: -0.036079545, y: -0.0034177222, z: 0.06415469, w: 0.99728173}
  m_LocalPosition: {x: -0.004380337, y: -0.32635668, z: -0.03012641}
  m_LocalScale: {x: 1, y: 1, z: 1}
  m_Children:
  - {fileID: 4686075227108829564}
  - {fileID: 2067237532624151950}
  m_Father: {fileID: 9100487714693087674}
  m_RootOrder: 0
  m_LocalEulerAnglesHint: {x: 0, y: 0, z: 0}
--- !u!1 &1282763909281408413
GameObject:
  m_ObjectHideFlags: 0
  m_CorrespondingSourceObject: {fileID: 0}
  m_PrefabInstance: {fileID: 0}
  m_PrefabAsset: {fileID: 0}
  serializedVersion: 6
  m_Component:
  - component: {fileID: 5619189530647542251}
  m_Layer: 0
  m_Name: LeftHandIndex1
  m_TagString: Untagged
  m_Icon: {fileID: 0}
  m_NavMeshLayer: 0
  m_StaticEditorFlags: 0
  m_IsActive: 1
--- !u!4 &5619189530647542251
Transform:
  m_ObjectHideFlags: 0
  m_CorrespondingSourceObject: {fileID: 0}
  m_PrefabInstance: {fileID: 0}
  m_PrefabAsset: {fileID: 0}
  m_GameObject: {fileID: 1282763909281408413}
  m_LocalRotation: {x: -0.009422061, y: 0.08214087, z: -0.08308825, w: 0.9931065}
  m_LocalPosition: {x: -0.11372509, y: 0.00065008766, z: 0.036991537}
  m_LocalScale: {x: 1, y: 1, z: 1}
  m_Children:
  - {fileID: 562739495695751825}
  m_Father: {fileID: 8709424356160258928}
  m_RootOrder: 0
  m_LocalEulerAnglesHint: {x: 0, y: 0, z: 0}
--- !u!1 &1523152395211964021
GameObject:
  m_ObjectHideFlags: 0
  m_CorrespondingSourceObject: {fileID: 0}
  m_PrefabInstance: {fileID: 0}
  m_PrefabAsset: {fileID: 0}
  serializedVersion: 6
  m_Component:
  - component: {fileID: 1325939931444987760}
  m_Layer: 0
  m_Name: LeftHandPinky2
  m_TagString: Untagged
  m_Icon: {fileID: 0}
  m_NavMeshLayer: 0
  m_StaticEditorFlags: 0
  m_IsActive: 1
--- !u!4 &1325939931444987760
Transform:
  m_ObjectHideFlags: 0
  m_CorrespondingSourceObject: {fileID: 0}
  m_PrefabInstance: {fileID: 0}
  m_PrefabAsset: {fileID: 0}
  m_GameObject: {fileID: 1523152395211964021}
  m_LocalRotation: {x: -0.051185075, y: 0.07908227, z: 0.34173948, w: 0.93506163}
  m_LocalPosition: {x: -0.026790237, y: -0.009500736, z: -0.0033055397}
  m_LocalScale: {x: 1, y: 1, z: 1}
  m_Children:
  - {fileID: 1582126126442244807}
  m_Father: {fileID: 844836271990889170}
  m_RootOrder: 0
  m_LocalEulerAnglesHint: {x: 0, y: 0, z: 0}
--- !u!1 &1630892808031437536
GameObject:
  m_ObjectHideFlags: 0
  m_CorrespondingSourceObject: {fileID: 0}
  m_PrefabInstance: {fileID: 0}
  m_PrefabAsset: {fileID: 0}
  serializedVersion: 6
  m_Component:
  - component: {fileID: 489433923981934074}
  - component: {fileID: 4675379561561843867}
  m_Layer: 0
  m_Name: Boy01_Brows_Geo
  m_TagString: Untagged
  m_Icon: {fileID: 0}
  m_NavMeshLayer: 0
  m_StaticEditorFlags: 0
  m_IsActive: 1
--- !u!4 &489433923981934074
Transform:
  m_ObjectHideFlags: 0
  m_CorrespondingSourceObject: {fileID: 0}
  m_PrefabInstance: {fileID: 0}
  m_PrefabAsset: {fileID: 0}
  m_GameObject: {fileID: 1630892808031437536}
  m_LocalRotation: {x: 0, y: -0, z: -0, w: 1}
  m_LocalPosition: {x: -0, y: 0, z: 0}
  m_LocalScale: {x: 1, y: 1, z: 1}
  m_Children: []
  m_Father: {fileID: 1040730597724244332}
  m_RootOrder: 1
  m_LocalEulerAnglesHint: {x: 0, y: 0, z: 0}
--- !u!137 &4675379561561843867
SkinnedMeshRenderer:
  m_ObjectHideFlags: 0
  m_CorrespondingSourceObject: {fileID: 0}
  m_PrefabInstance: {fileID: 0}
  m_PrefabAsset: {fileID: 0}
  m_GameObject: {fileID: 1630892808031437536}
  m_Enabled: 1
  m_CastShadows: 1
  m_ReceiveShadows: 1
  m_DynamicOccludee: 1
  m_MotionVectors: 1
  m_LightProbeUsage: 1
  m_ReflectionProbeUsage: 1
  m_RayTracingMode: 3
  m_RayTraceProcedural: 0
  m_RenderingLayerMask: 1
  m_RendererPriority: 0
  m_Materials:
  - {fileID: -6446394278882542736, guid: d0921956bf9ad574da13858ebbaaca34, type: 3}
  m_StaticBatchInfo:
    firstSubMesh: 0
    subMeshCount: 0
  m_StaticBatchRoot: {fileID: 0}
  m_ProbeAnchor: {fileID: 0}
  m_LightProbeVolumeOverride: {fileID: 0}
  m_ScaleInLightmap: 1
  m_ReceiveGI: 1
  m_PreserveUVs: 0
  m_IgnoreNormalsForChartDetection: 0
  m_ImportantGI: 0
  m_StitchLightmapSeams: 1
  m_SelectedEditorRenderState: 3
  m_MinimumChartSize: 4
  m_AutoUVMaxDistance: 0.5
  m_AutoUVMaxAngle: 89
  m_LightmapParameters: {fileID: 0}
  m_SortingLayerID: 0
  m_SortingLayer: 0
  m_SortingOrder: 0
  serializedVersion: 2
  m_Quality: 0
  m_UpdateWhenOffscreen: 0
  m_SkinnedMotionVectors: 1
  m_Mesh: {fileID: -7735849874743378452, guid: d0921956bf9ad574da13858ebbaaca34, type: 3}
  m_Bones:
  - {fileID: 1011492817758031461}
  - {fileID: 4477832376037735468}
  - {fileID: 4982145579051603133}
  - {fileID: 9100487714693087674}
  - {fileID: 5482787236608831060}
  - {fileID: 4686075227108829564}
  - {fileID: 2067237532624151950}
  - {fileID: 9217612270397252694}
  - {fileID: 5619580585876910844}
  - {fileID: 8618118751806874156}
  - {fileID: 1114865486372698664}
  - {fileID: 1082233697225090695}
  - {fileID: 2538555427299824512}
  - {fileID: 4554581455823698044}
  - {fileID: 8341097777065225686}
  - {fileID: 2481841696871177158}
  - {fileID: 2286343403479918396}
  - {fileID: 2461708717272366447}
  - {fileID: 1954274301198378903}
  - {fileID: 3058300305698171210}
  - {fileID: 5443325053669618487}
  - {fileID: 5006293647565863250}
  - {fileID: 3891015147905283993}
  - {fileID: 5665127718610213025}
  - {fileID: 8514553629057502967}
  - {fileID: 8709424356160258928}
  - {fileID: 7772481167217702145}
  - {fileID: 7603226314507425278}
  - {fileID: 5816187112839834008}
  - {fileID: 5619189530647542251}
  - {fileID: 562739495695751825}
  - {fileID: 2578734129567611145}
  - {fileID: 7556669379844135514}
  - {fileID: 249422396958481655}
  - {fileID: 3258713893847814554}
  - {fileID: 2271363928847042935}
  - {fileID: 7931206655821151319}
  - {fileID: 6006038007623449088}
  - {fileID: 844836271990889170}
  - {fileID: 1325939931444987760}
  - {fileID: 1582126126442244807}
  - {fileID: 519798074494320152}
  - {fileID: 6832445325418536939}
  - {fileID: 354890678071340616}
  - {fileID: 3532779222179414300}
  - {fileID: 8022943237658198250}
  - {fileID: 2154091361149703877}
  - {fileID: 3283803589715932842}
  - {fileID: 5887906654104675835}
  - {fileID: 4409974936359889761}
  - {fileID: 3440578867815268149}
  - {fileID: 1878039105448379739}
  - {fileID: 9120627982439221878}
  - {fileID: 5206117983461741832}
  - {fileID: 5404100421503650766}
  - {fileID: 4221216787131161179}
  - {fileID: 7141717453764667224}
  - {fileID: 8408328450022067073}
  - {fileID: 5647865710392775653}
  - {fileID: 7267615311463255642}
  - {fileID: 2017982739956001909}
  - {fileID: 3866417227555645844}
  - {fileID: 7559523064738854813}
  - {fileID: 4919109708191023690}
  - {fileID: 1582436191228481035}
  - {fileID: 6417856353681773623}
  - {fileID: 2990700486898304704}
  - {fileID: 8561257148237875187}
  - {fileID: 7179110153296122553}
  - {fileID: 836775739068597522}
  - {fileID: 2464822402764853732}
  - {fileID: 5538998477351776876}
  - {fileID: 4369583908570196534}
  m_BlendShapeWeights: []
  m_RootBone: {fileID: 1011492817758031461}
  m_AABB:
    m_Center: {x: -0.20311011, y: 0.73400766, z: 0.35334134}
    m_Extent: {x: 0.16219522, y: 0.101841986, z: 0.16453594}
  m_DirtyAABB: 0
--- !u!1 &1701963847529190402
GameObject:
  m_ObjectHideFlags: 0
  m_CorrespondingSourceObject: {fileID: 0}
  m_PrefabInstance: {fileID: 0}
  m_PrefabAsset: {fileID: 0}
  serializedVersion: 6
  m_Component:
  - component: {fileID: 8408328450022067073}
  m_Layer: 0
  m_Name: RightHandRing3
  m_TagString: Untagged
  m_Icon: {fileID: 0}
  m_NavMeshLayer: 0
  m_StaticEditorFlags: 0
  m_IsActive: 1
--- !u!4 &8408328450022067073
Transform:
  m_ObjectHideFlags: 0
  m_CorrespondingSourceObject: {fileID: 0}
  m_PrefabInstance: {fileID: 0}
  m_PrefabAsset: {fileID: 0}
  m_GameObject: {fileID: 1701963847529190402}
  m_LocalRotation: {x: 0, y: -0, z: -0, w: 1}
  m_LocalPosition: {x: 0.030227456, y: -0.012810168, z: -0.0029096045}
  m_LocalScale: {x: 1, y: 1, z: 1}
  m_Children: []
  m_Father: {fileID: 7141717453764667224}
  m_RootOrder: 0
  m_LocalEulerAnglesHint: {x: 0, y: 0, z: 0}
--- !u!1 &1848808666691184949
GameObject:
  m_ObjectHideFlags: 0
  m_CorrespondingSourceObject: {fileID: 0}
  m_PrefabInstance: {fileID: 0}
  m_PrefabAsset: {fileID: 0}
  serializedVersion: 6
  m_Component:
  - component: {fileID: 5538998477351776876}
  m_Layer: 0
  m_Name: LBackpack_Strap
  m_TagString: Untagged
  m_Icon: {fileID: 0}
  m_NavMeshLayer: 0
  m_StaticEditorFlags: 0
  m_IsActive: 1
--- !u!4 &5538998477351776876
Transform:
  m_ObjectHideFlags: 0
  m_CorrespondingSourceObject: {fileID: 0}
  m_PrefabInstance: {fileID: 0}
  m_PrefabAsset: {fileID: 0}
  m_GameObject: {fileID: 1848808666691184949}
  m_LocalRotation: {x: 0, y: -0, z: -0, w: 1}
  m_LocalPosition: {x: -0.15223172, y: -0.07719787, z: -0.06610897}
  m_LocalScale: {x: 1, y: 1, z: 1}
  m_Children: []
  m_Father: {fileID: 2481841696871177158}
  m_RootOrder: 0
  m_LocalEulerAnglesHint: {x: 0, y: 0, z: 0}
--- !u!1 &1905338967815331079
GameObject:
  m_ObjectHideFlags: 0
  m_CorrespondingSourceObject: {fileID: 0}
  m_PrefabInstance: {fileID: 0}
  m_PrefabAsset: {fileID: 0}
  serializedVersion: 6
  m_Component:
  - component: {fileID: 249422396958481655}
  m_Layer: 0
  m_Name: LeftHandMiddle2
  m_TagString: Untagged
  m_Icon: {fileID: 0}
  m_NavMeshLayer: 0
  m_StaticEditorFlags: 0
  m_IsActive: 1
--- !u!4 &249422396958481655
Transform:
  m_ObjectHideFlags: 0
  m_CorrespondingSourceObject: {fileID: 0}
  m_PrefabInstance: {fileID: 0}
  m_PrefabAsset: {fileID: 0}
  m_GameObject: {fileID: 1905338967815331079}
  m_LocalRotation: {x: -0.027250221, y: 0.050418437, z: 0.13768631, w: 0.98881644}
  m_LocalPosition: {x: -0.03290935, y: -0.008754621, z: -0.0018692748}
  m_LocalScale: {x: 1, y: 1, z: 1}
  m_Children:
  - {fileID: 3258713893847814554}
  m_Father: {fileID: 7556669379844135514}
  m_RootOrder: 0
  m_LocalEulerAnglesHint: {x: 0, y: 0, z: 0}
--- !u!1 &1976121783747278490
GameObject:
  m_ObjectHideFlags: 0
  m_CorrespondingSourceObject: {fileID: 0}
  m_PrefabInstance: {fileID: 0}
  m_PrefabAsset: {fileID: 0}
  serializedVersion: 6
  m_Component:
  - component: {fileID: 8022943237658198250}
  m_Layer: 0
  m_Name: RightHand
  m_TagString: Untagged
  m_Icon: {fileID: 0}
  m_NavMeshLayer: 0
  m_StaticEditorFlags: 0
  m_IsActive: 1
--- !u!4 &8022943237658198250
Transform:
  m_ObjectHideFlags: 0
  m_CorrespondingSourceObject: {fileID: 0}
  m_PrefabInstance: {fileID: 0}
  m_PrefabAsset: {fileID: 0}
  m_GameObject: {fileID: 1976121783747278490}
  m_LocalRotation: {x: 0.13446388, y: -0.09167072, z: -0.12081497, w: 0.9792445}
  m_LocalPosition: {x: 0.22992906, y: -3.126388e-15, z: -0.008709004}
  m_LocalScale: {x: 1, y: 1, z: 1}
  m_Children:
  - {fileID: 4409974936359889761}
  - {fileID: 9120627982439221878}
  - {fileID: 5647865710392775653}
  - {fileID: 4221216787131161179}
  - {fileID: 2154091361149703877}
  m_Father: {fileID: 3532779222179414300}
  m_RootOrder: 0
  m_LocalEulerAnglesHint: {x: 0, y: 0, z: 0}
--- !u!1 &2012559287275425517
GameObject:
  m_ObjectHideFlags: 0
  m_CorrespondingSourceObject: {fileID: 0}
  m_PrefabInstance: {fileID: 0}
  m_PrefabAsset: {fileID: 0}
  serializedVersion: 6
  m_Component:
  - component: {fileID: 3891015147905283993}
  m_Layer: 0
  m_Name: LeftShoulder
  m_TagString: Untagged
  m_Icon: {fileID: 0}
  m_NavMeshLayer: 0
  m_StaticEditorFlags: 0
  m_IsActive: 1
--- !u!4 &3891015147905283993
Transform:
  m_ObjectHideFlags: 0
  m_CorrespondingSourceObject: {fileID: 0}
  m_PrefabInstance: {fileID: 0}
  m_PrefabAsset: {fileID: 0}
  m_GameObject: {fileID: 2012559287275425517}
  m_LocalRotation: {x: 0.012559559, y: 0.0052370946, z: 0.068761006, w: 0.9975404}
  m_LocalPosition: {x: -0.06197824, y: 0.13665234, z: -0.040647224}
  m_LocalScale: {x: 1, y: 1, z: 1}
  m_Children:
  - {fileID: 5665127718610213025}
  m_Father: {fileID: 2286343403479918396}
  m_RootOrder: 2
  m_LocalEulerAnglesHint: {x: 0, y: 0, z: 0}
--- !u!1 &2121892348501648905
GameObject:
  m_ObjectHideFlags: 0
  m_CorrespondingSourceObject: {fileID: 0}
  m_PrefabInstance: {fileID: 0}
  m_PrefabAsset: {fileID: 0}
  serializedVersion: 6
  m_Component:
  - component: {fileID: 4982145579051603133}
  m_Layer: 0
  m_Name: LeftUpLeg
  m_TagString: Untagged
  m_Icon: {fileID: 0}
  m_NavMeshLayer: 0
  m_StaticEditorFlags: 0
  m_IsActive: 1
--- !u!4 &4982145579051603133
Transform:
  m_ObjectHideFlags: 0
  m_CorrespondingSourceObject: {fileID: 0}
  m_PrefabInstance: {fileID: 0}
  m_PrefabAsset: {fileID: 0}
  m_GameObject: {fileID: 2121892348501648905}
  m_LocalRotation: {x: -0.2288312, y: -0.07503753, z: -0.099194095, w: 0.96548754}
  m_LocalPosition: {x: -0.08479694, y: -0.04795516, z: -0.0037905346}
  m_LocalScale: {x: 1, y: 1, z: 1}
  m_Children:
  - {fileID: 9100487714693087674}
  m_Father: {fileID: 4477832376037735468}
  m_RootOrder: 0
  m_LocalEulerAnglesHint: {x: 0, y: 0, z: 0}
--- !u!1 &2474656734208673082
GameObject:
  m_ObjectHideFlags: 0
  m_CorrespondingSourceObject: {fileID: 0}
  m_PrefabInstance: {fileID: 0}
  m_PrefabAsset: {fileID: 0}
  serializedVersion: 6
  m_Component:
  - component: {fileID: 5006293647565863250}
  m_Layer: 0
  m_Name: Hat
  m_TagString: Untagged
  m_Icon: {fileID: 0}
  m_NavMeshLayer: 0
  m_StaticEditorFlags: 0
  m_IsActive: 1
--- !u!4 &5006293647565863250
Transform:
  m_ObjectHideFlags: 0
  m_CorrespondingSourceObject: {fileID: 0}
  m_PrefabInstance: {fileID: 0}
  m_PrefabAsset: {fileID: 0}
  m_GameObject: {fileID: 2474656734208673082}
  m_LocalRotation: {x: 0, y: -0, z: -0, w: 1}
  m_LocalPosition: {x: -0.16728799, y: 0.15048301, z: -0.15439649}
  m_LocalScale: {x: 1, y: 1, z: 1}
  m_Children: []
  m_Father: {fileID: 1954274301198378903}
  m_RootOrder: 2
  m_LocalEulerAnglesHint: {x: 0, y: 0, z: 0}
--- !u!1 &2576874438004812288
GameObject:
  m_ObjectHideFlags: 0
  m_CorrespondingSourceObject: {fileID: 0}
  m_PrefabInstance: {fileID: 0}
  m_PrefabAsset: {fileID: 0}
  serializedVersion: 6
  m_Component:
  - component: {fileID: 4554581455823698044}
  m_Layer: 0
  m_Name: RightPantLeg
  m_TagString: Untagged
  m_Icon: {fileID: 0}
  m_NavMeshLayer: 0
  m_StaticEditorFlags: 0
  m_IsActive: 1
--- !u!4 &4554581455823698044
Transform:
  m_ObjectHideFlags: 0
  m_CorrespondingSourceObject: {fileID: 0}
  m_PrefabInstance: {fileID: 0}
  m_PrefabAsset: {fileID: 0}
  m_GameObject: {fileID: 2576874438004812288}
  m_LocalRotation: {x: 0, y: -0, z: -0, w: 1}
  m_LocalPosition: {x: 0.011535007, y: -0.16519308, z: -0.022847721}
  m_LocalScale: {x: 1, y: 1, z: 1}
  m_Children: []
  m_Father: {fileID: 8618118751806874156}
  m_RootOrder: 1
  m_LocalEulerAnglesHint: {x: 0, y: 0, z: 0}
--- !u!1 &2641966066655506095
GameObject:
  m_ObjectHideFlags: 0
  m_CorrespondingSourceObject: {fileID: 0}
  m_PrefabInstance: {fileID: 0}
  m_PrefabAsset: {fileID: 0}
  serializedVersion: 6
  m_Component:
  - component: {fileID: 5568791408459094572}
  - component: {fileID: 959999302922821434}
  m_Layer: 0
  m_Name: Boy01_Body_Geo
  m_TagString: Untagged
  m_Icon: {fileID: 0}
  m_NavMeshLayer: 0
  m_StaticEditorFlags: 0
  m_IsActive: 1
--- !u!4 &5568791408459094572
Transform:
  m_ObjectHideFlags: 0
  m_CorrespondingSourceObject: {fileID: 0}
  m_PrefabInstance: {fileID: 0}
  m_PrefabAsset: {fileID: 0}
  m_GameObject: {fileID: 2641966066655506095}
  m_LocalRotation: {x: 0, y: -0, z: -0, w: 1}
  m_LocalPosition: {x: -0, y: 0, z: 0}
  m_LocalScale: {x: 1, y: 1, z: 1}
  m_Children: []
  m_Father: {fileID: 1040730597724244332}
  m_RootOrder: 0
  m_LocalEulerAnglesHint: {x: 0, y: 0, z: 0}
--- !u!137 &959999302922821434
SkinnedMeshRenderer:
  m_ObjectHideFlags: 0
  m_CorrespondingSourceObject: {fileID: 0}
  m_PrefabInstance: {fileID: 0}
  m_PrefabAsset: {fileID: 0}
  m_GameObject: {fileID: 2641966066655506095}
  m_Enabled: 1
  m_CastShadows: 1
  m_ReceiveShadows: 1
  m_DynamicOccludee: 1
  m_MotionVectors: 1
  m_LightProbeUsage: 1
  m_ReflectionProbeUsage: 1
  m_RayTracingMode: 3
  m_RayTraceProcedural: 0
  m_RenderingLayerMask: 1
  m_RendererPriority: 0
  m_Materials:
  - {fileID: 5414641497151131908, guid: d0921956bf9ad574da13858ebbaaca34, type: 3}
  m_StaticBatchInfo:
    firstSubMesh: 0
    subMeshCount: 0
  m_StaticBatchRoot: {fileID: 0}
  m_ProbeAnchor: {fileID: 0}
  m_LightProbeVolumeOverride: {fileID: 0}
  m_ScaleInLightmap: 1
  m_ReceiveGI: 1
  m_PreserveUVs: 0
  m_IgnoreNormalsForChartDetection: 0
  m_ImportantGI: 0
  m_StitchLightmapSeams: 1
  m_SelectedEditorRenderState: 3
  m_MinimumChartSize: 4
  m_AutoUVMaxDistance: 0.5
  m_AutoUVMaxAngle: 89
  m_LightmapParameters: {fileID: 0}
  m_SortingLayerID: 0
  m_SortingLayer: 0
  m_SortingOrder: 0
  serializedVersion: 2
  m_Quality: 0
  m_UpdateWhenOffscreen: 0
  m_SkinnedMotionVectors: 1
  m_Mesh: {fileID: 8758155152939578965, guid: d0921956bf9ad574da13858ebbaaca34, type: 3}
  m_Bones:
  - {fileID: 1011492817758031461}
  - {fileID: 4477832376037735468}
  - {fileID: 4982145579051603133}
  - {fileID: 9100487714693087674}
  - {fileID: 5482787236608831060}
  - {fileID: 4686075227108829564}
  - {fileID: 2067237532624151950}
  - {fileID: 9217612270397252694}
  - {fileID: 5619580585876910844}
  - {fileID: 8618118751806874156}
  - {fileID: 1114865486372698664}
  - {fileID: 1082233697225090695}
  - {fileID: 2538555427299824512}
  - {fileID: 4554581455823698044}
  - {fileID: 8341097777065225686}
  - {fileID: 2481841696871177158}
  - {fileID: 2286343403479918396}
  - {fileID: 2461708717272366447}
  - {fileID: 1954274301198378903}
  - {fileID: 3058300305698171210}
  - {fileID: 5443325053669618487}
  - {fileID: 5006293647565863250}
  - {fileID: 3891015147905283993}
  - {fileID: 5665127718610213025}
  - {fileID: 8514553629057502967}
  - {fileID: 8709424356160258928}
  - {fileID: 7772481167217702145}
  - {fileID: 7603226314507425278}
  - {fileID: 5816187112839834008}
  - {fileID: 5619189530647542251}
  - {fileID: 562739495695751825}
  - {fileID: 2578734129567611145}
  - {fileID: 7556669379844135514}
  - {fileID: 249422396958481655}
  - {fileID: 3258713893847814554}
  - {fileID: 2271363928847042935}
  - {fileID: 7931206655821151319}
  - {fileID: 6006038007623449088}
  - {fileID: 844836271990889170}
  - {fileID: 1325939931444987760}
  - {fileID: 1582126126442244807}
  - {fileID: 519798074494320152}
  - {fileID: 6832445325418536939}
  - {fileID: 354890678071340616}
  - {fileID: 3532779222179414300}
  - {fileID: 8022943237658198250}
  - {fileID: 2154091361149703877}
  - {fileID: 3283803589715932842}
  - {fileID: 5887906654104675835}
  - {fileID: 4409974936359889761}
  - {fileID: 3440578867815268149}
  - {fileID: 1878039105448379739}
  - {fileID: 9120627982439221878}
  - {fileID: 5206117983461741832}
  - {fileID: 5404100421503650766}
  - {fileID: 4221216787131161179}
  - {fileID: 7141717453764667224}
  - {fileID: 8408328450022067073}
  - {fileID: 5647865710392775653}
  - {fileID: 7267615311463255642}
  - {fileID: 2017982739956001909}
  - {fileID: 3866417227555645844}
  - {fileID: 7559523064738854813}
  - {fileID: 4919109708191023690}
  - {fileID: 1582436191228481035}
  - {fileID: 6417856353681773623}
  - {fileID: 2990700486898304704}
  - {fileID: 8561257148237875187}
  - {fileID: 7179110153296122553}
  - {fileID: 836775739068597522}
  - {fileID: 2464822402764853732}
  - {fileID: 5538998477351776876}
  - {fileID: 4369583908570196534}
  m_BlendShapeWeights: []
  m_RootBone: {fileID: 1011492817758031461}
  m_AABB:
    m_Center: {x: -0.022409484, y: 0.10393739, z: 0.0996656}
    m_Extent: {x: 0.4282199, y: 0.9606619, z: 0.51003146}
  m_DirtyAABB: 0
--- !u!1 &2757533911253462148
GameObject:
  m_ObjectHideFlags: 0
  m_CorrespondingSourceObject: {fileID: 0}
  m_PrefabInstance: {fileID: 0}
  m_PrefabAsset: {fileID: 0}
  serializedVersion: 6
  m_Component:
  - component: {fileID: 3866417227555645844}
  m_Layer: 0
  m_Name: RSleeve
  m_TagString: Untagged
  m_Icon: {fileID: 0}
  m_NavMeshLayer: 0
  m_StaticEditorFlags: 0
  m_IsActive: 1
--- !u!4 &3866417227555645844
Transform:
  m_ObjectHideFlags: 0
  m_CorrespondingSourceObject: {fileID: 0}
  m_PrefabInstance: {fileID: 0}
  m_PrefabAsset: {fileID: 0}
  m_GameObject: {fileID: 2757533911253462148}
  m_LocalRotation: {x: 0, y: -0, z: -0, w: 1}
  m_LocalPosition: {x: 0.066332005, y: -0.003448839, z: -0.012636502}
  m_LocalScale: {x: 1, y: 1, z: 1}
  m_Children: []
  m_Father: {fileID: 3532779222179414300}
  m_RootOrder: 1
  m_LocalEulerAnglesHint: {x: 0, y: 0, z: 0}
--- !u!1 &2798992573547877545
GameObject:
  m_ObjectHideFlags: 0
  m_CorrespondingSourceObject: {fileID: 0}
  m_PrefabInstance: {fileID: 0}
  m_PrefabAsset: {fileID: 0}
  serializedVersion: 6
  m_Component:
  - component: {fileID: 8561257148237875187}
  m_Layer: 0
  m_Name: LHoodieString2
  m_TagString: Untagged
  m_Icon: {fileID: 0}
  m_NavMeshLayer: 0
  m_StaticEditorFlags: 0
  m_IsActive: 1
--- !u!4 &8561257148237875187
Transform:
  m_ObjectHideFlags: 0
  m_CorrespondingSourceObject: {fileID: 0}
  m_PrefabInstance: {fileID: 0}
  m_PrefabAsset: {fileID: 0}
  m_GameObject: {fileID: 2798992573547877545}
  m_LocalRotation: {x: 0, y: -0, z: -0, w: 1}
  m_LocalPosition: {x: -5.3290704e-17, y: -0.09643807, z: 0.026791314}
  m_LocalScale: {x: 1, y: 1, z: 1}
  m_Children: []
  m_Father: {fileID: 2990700486898304704}
  m_RootOrder: 0
  m_LocalEulerAnglesHint: {x: 0, y: 0, z: 0}
--- !u!1 &2967333863762504676
GameObject:
  m_ObjectHideFlags: 0
  m_CorrespondingSourceObject: {fileID: 0}
  m_PrefabInstance: {fileID: 0}
  m_PrefabAsset: {fileID: 0}
  serializedVersion: 6
  m_Component:
  - component: {fileID: 3058300305698171210}
  m_Layer: 0
  m_Name: HairB
  m_TagString: Untagged
  m_Icon: {fileID: 0}
  m_NavMeshLayer: 0
  m_StaticEditorFlags: 0
  m_IsActive: 1
--- !u!4 &3058300305698171210
Transform:
  m_ObjectHideFlags: 0
  m_CorrespondingSourceObject: {fileID: 0}
  m_PrefabInstance: {fileID: 0}
  m_PrefabAsset: {fileID: 0}
  m_GameObject: {fileID: 2967333863762504676}
  m_LocalRotation: {x: 0, y: -0, z: -0, w: 1}
  m_LocalPosition: {x: -0.0020839735, y: 0.24786067, z: 0.24822305}
  m_LocalScale: {x: 1, y: 1, z: 1}
  m_Children: []
  m_Father: {fileID: 1954274301198378903}
  m_RootOrder: 1
  m_LocalEulerAnglesHint: {x: 0, y: 0, z: 0}
--- !u!1 &3225851837777023802
GameObject:
  m_ObjectHideFlags: 0
  m_CorrespondingSourceObject: {fileID: 0}
  m_PrefabInstance: {fileID: 0}
  m_PrefabAsset: {fileID: 0}
  serializedVersion: 6
  m_Component:
  - component: {fileID: 5404100421503650766}
  m_Layer: 0
  m_Name: RightHandMiddle3
  m_TagString: Untagged
  m_Icon: {fileID: 0}
  m_NavMeshLayer: 0
  m_StaticEditorFlags: 0
  m_IsActive: 1
--- !u!4 &5404100421503650766
Transform:
  m_ObjectHideFlags: 0
  m_CorrespondingSourceObject: {fileID: 0}
  m_PrefabInstance: {fileID: 0}
  m_PrefabAsset: {fileID: 0}
  m_GameObject: {fileID: 3225851837777023802}
  m_LocalRotation: {x: 0, y: -0, z: -0, w: 1}
  m_LocalPosition: {x: 0.030945491, y: -0.011502246, z: -0.0026758795}
  m_LocalScale: {x: 1, y: 1, z: 1}
  m_Children: []
  m_Father: {fileID: 5206117983461741832}
  m_RootOrder: 0
  m_LocalEulerAnglesHint: {x: 0, y: 0, z: 0}
--- !u!1 &3290402414562106926
GameObject:
  m_ObjectHideFlags: 0
  m_CorrespondingSourceObject: {fileID: 0}
  m_PrefabInstance: {fileID: 0}
  m_PrefabAsset: {fileID: 0}
  serializedVersion: 6
  m_Component:
  - component: {fileID: 3258713893847814554}
  m_Layer: 0
  m_Name: LeftHandMiddle3
  m_TagString: Untagged
  m_Icon: {fileID: 0}
  m_NavMeshLayer: 0
  m_StaticEditorFlags: 0
  m_IsActive: 1
--- !u!4 &3258713893847814554
Transform:
  m_ObjectHideFlags: 0
  m_CorrespondingSourceObject: {fileID: 0}
  m_PrefabInstance: {fileID: 0}
  m_PrefabAsset: {fileID: 0}
  m_GameObject: {fileID: 3290402414562106926}
  m_LocalRotation: {x: 0, y: -0, z: -0, w: 1}
  m_LocalPosition: {x: -0.030945493, y: -0.011502248, z: -0.0026758797}
  m_LocalScale: {x: 1, y: 1, z: 1}
  m_Children: []
  m_Father: {fileID: 249422396958481655}
  m_RootOrder: 0
  m_LocalEulerAnglesHint: {x: 0, y: 0, z: 0}
--- !u!1 &3314562761487047500
GameObject:
  m_ObjectHideFlags: 0
  m_CorrespondingSourceObject: {fileID: 0}
  m_PrefabInstance: {fileID: 0}
  m_PrefabAsset: {fileID: 0}
  serializedVersion: 6
  m_Component:
  - component: {fileID: 8618118751806874156}
  m_Layer: 0
  m_Name: RightLeg
  m_TagString: Untagged
  m_Icon: {fileID: 0}
  m_NavMeshLayer: 0
  m_StaticEditorFlags: 0
  m_IsActive: 1
--- !u!4 &8618118751806874156
Transform:
  m_ObjectHideFlags: 0
  m_CorrespondingSourceObject: {fileID: 0}
  m_PrefabInstance: {fileID: 0}
  m_PrefabAsset: {fileID: 0}
  m_GameObject: {fileID: 3314562761487047500}
  m_LocalRotation: {x: 0.27985603, y: 0.07838086, z: 0.025690887, w: 0.95649207}
  m_LocalPosition: {x: 0.004841, y: -0.32551482, z: 0.0011290349}
  m_LocalScale: {x: 1, y: 1, z: 1}
  m_Children:
  - {fileID: 1114865486372698664}
  - {fileID: 4554581455823698044}
  m_Father: {fileID: 5619580585876910844}
  m_RootOrder: 0
  m_LocalEulerAnglesHint: {x: 0, y: 0, z: 0}
--- !u!1 &3541138259118541266
GameObject:
  m_ObjectHideFlags: 0
  m_CorrespondingSourceObject: {fileID: 0}
  m_PrefabInstance: {fileID: 0}
  m_PrefabAsset: {fileID: 0}
  serializedVersion: 6
  m_Component:
  - component: {fileID: 9217612270397252694}
  m_Layer: 0
  m_Name: LeftPantLeg
  m_TagString: Untagged
  m_Icon: {fileID: 0}
  m_NavMeshLayer: 0
  m_StaticEditorFlags: 0
  m_IsActive: 1
--- !u!4 &9217612270397252694
Transform:
  m_ObjectHideFlags: 0
  m_CorrespondingSourceObject: {fileID: 0}
  m_PrefabInstance: {fileID: 0}
  m_PrefabAsset: {fileID: 0}
  m_GameObject: {fileID: 3541138259118541266}
  m_LocalRotation: {x: 0, y: -0, z: -0, w: 1}
  m_LocalPosition: {x: -0.011525492, y: -0.16519322, z: -0.022847313}
  m_LocalScale: {x: 1, y: 1, z: 1}
  m_Children: []
  m_Father: {fileID: 9100487714693087674}
  m_RootOrder: 1
  m_LocalEulerAnglesHint: {x: 0, y: 0, z: 0}
--- !u!1 &3788133989460069196
GameObject:
  m_ObjectHideFlags: 0
  m_CorrespondingSourceObject: {fileID: 0}
  m_PrefabInstance: {fileID: 0}
  m_PrefabAsset: {fileID: 0}
  serializedVersion: 6
  m_Component:
  - component: {fileID: 4409974936359889761}
  m_Layer: 0
  m_Name: RightHandIndex1
  m_TagString: Untagged
  m_Icon: {fileID: 0}
  m_NavMeshLayer: 0
  m_StaticEditorFlags: 0
  m_IsActive: 1
--- !u!4 &4409974936359889761
Transform:
  m_ObjectHideFlags: 0
  m_CorrespondingSourceObject: {fileID: 0}
  m_PrefabInstance: {fileID: 0}
  m_PrefabAsset: {fileID: 0}
  m_GameObject: {fileID: 3788133989460069196}
  m_LocalRotation: {x: -0.008954359, y: -0.0125772115, z: 0.06640274, w: 0.99767345}
  m_LocalPosition: {x: 0.113725096, y: 0.0006500845, z: 0.036991537}
  m_LocalScale: {x: 1, y: 1, z: 1}
  m_Children:
  - {fileID: 3440578867815268149}
  m_Father: {fileID: 8022943237658198250}
  m_RootOrder: 0
  m_LocalEulerAnglesHint: {x: 0, y: 0, z: 0}
--- !u!1 &3789984576427136879
GameObject:
  m_ObjectHideFlags: 0
  m_CorrespondingSourceObject: {fileID: 0}
  m_PrefabInstance: {fileID: 0}
  m_PrefabAsset: {fileID: 0}
  serializedVersion: 6
  m_Component:
  - component: {fileID: 354890678071340616}
  m_Layer: 0
  m_Name: RightArm
  m_TagString: Untagged
  m_Icon: {fileID: 0}
  m_NavMeshLayer: 0
  m_StaticEditorFlags: 0
  m_IsActive: 1
--- !u!4 &354890678071340616
Transform:
  m_ObjectHideFlags: 0
  m_CorrespondingSourceObject: {fileID: 0}
  m_PrefabInstance: {fileID: 0}
  m_PrefabAsset: {fileID: 0}
  m_GameObject: {fileID: 3789984576427136879}
  m_LocalRotation: {x: -0.11958955, y: 0.14743179, z: -0.48577762, w: 0.8532188}
  m_LocalPosition: {x: 0.07778132, y: -0.0018707195, z: -0.017092818}
  m_LocalScale: {x: 1, y: 1, z: 1}
  m_Children:
  - {fileID: 3532779222179414300}
  m_Father: {fileID: 6832445325418536939}
  m_RootOrder: 0
  m_LocalEulerAnglesHint: {x: 0, y: 0, z: 0}
--- !u!1 &3806202165146686404
GameObject:
  m_ObjectHideFlags: 0
  m_CorrespondingSourceObject: {fileID: 0}
  m_PrefabInstance: {fileID: 0}
  m_PrefabAsset: {fileID: 0}
  serializedVersion: 6
  m_Component:
  - component: {fileID: 2017982739956001909}
  m_Layer: 0
  m_Name: RightHandPinky3
  m_TagString: Untagged
  m_Icon: {fileID: 0}
  m_NavMeshLayer: 0
  m_StaticEditorFlags: 0
  m_IsActive: 1
--- !u!4 &2017982739956001909
Transform:
  m_ObjectHideFlags: 0
  m_CorrespondingSourceObject: {fileID: 0}
  m_PrefabInstance: {fileID: 0}
  m_PrefabAsset: {fileID: 0}
  m_GameObject: {fileID: 3806202165146686404}
  m_LocalRotation: {x: 0, y: -0, z: -0, w: 1}
  m_LocalPosition: {x: 0.027245726, y: -0.008436144, z: -0.0025268462}
  m_LocalScale: {x: 1, y: 1, z: 1}
  m_Children: []
  m_Father: {fileID: 7267615311463255642}
  m_RootOrder: 0
  m_LocalEulerAnglesHint: {x: 0, y: 0, z: 0}
--- !u!1 &4199183987416411741
GameObject:
  m_ObjectHideFlags: 0
  m_CorrespondingSourceObject: {fileID: 0}
  m_PrefabInstance: {fileID: 0}
  m_PrefabAsset: {fileID: 0}
  serializedVersion: 6
  m_Component:
  - component: {fileID: 7931206655821151319}
  m_Layer: 0
  m_Name: LeftHandRing2
  m_TagString: Untagged
  m_Icon: {fileID: 0}
  m_NavMeshLayer: 0
  m_StaticEditorFlags: 0
  m_IsActive: 1
--- !u!4 &7931206655821151319
Transform:
  m_ObjectHideFlags: 0
  m_CorrespondingSourceObject: {fileID: 0}
  m_PrefabInstance: {fileID: 0}
  m_PrefabAsset: {fileID: 0}
  m_GameObject: {fileID: 4199183987416411741}
  m_LocalRotation: {x: -0.043574065, y: 0.0693804, z: 0.23456831, w: 0.968641}
  m_LocalPosition: {x: -0.028813388, y: -0.009928569, z: -0.0018692748}
  m_LocalScale: {x: 1, y: 1, z: 1}
  m_Children:
  - {fileID: 6006038007623449088}
  m_Father: {fileID: 2271363928847042935}
  m_RootOrder: 0
  m_LocalEulerAnglesHint: {x: 0, y: 0, z: 0}
--- !u!1 &4333229048721765571
GameObject:
  m_ObjectHideFlags: 0
  m_CorrespondingSourceObject: {fileID: 0}
  m_PrefabInstance: {fileID: 0}
  m_PrefabAsset: {fileID: 0}
  serializedVersion: 6
  m_Component:
  - component: {fileID: 3532779222179414300}
  m_Layer: 0
  m_Name: RightForeArm
  m_TagString: Untagged
  m_Icon: {fileID: 0}
  m_NavMeshLayer: 0
  m_StaticEditorFlags: 0
  m_IsActive: 1
--- !u!4 &3532779222179414300
Transform:
  m_ObjectHideFlags: 0
  m_CorrespondingSourceObject: {fileID: 0}
  m_PrefabInstance: {fileID: 0}
  m_PrefabAsset: {fileID: 0}
  m_GameObject: {fileID: 4333229048721765571}
  m_LocalRotation: {x: -0.031968378, y: -0.33386007, z: -0.04270478, w: 0.941112}
  m_LocalPosition: {x: 0.21954697, y: -3.9790393e-15, z: -0.020410933}
  m_LocalScale: {x: 1, y: 1, z: 1}
  m_Children:
  - {fileID: 8022943237658198250}
  - {fileID: 3866417227555645844}
  m_Father: {fileID: 354890678071340616}
  m_RootOrder: 0
  m_LocalEulerAnglesHint: {x: 0, y: 0, z: 0}
--- !u!1 &4467461932868414288
GameObject:
  m_ObjectHideFlags: 0
  m_CorrespondingSourceObject: {fileID: 0}
  m_PrefabInstance: {fileID: 0}
  m_PrefabAsset: {fileID: 0}
  serializedVersion: 6
  m_Component:
  - component: {fileID: 2286343403479918396}
  m_Layer: 0
  m_Name: Spine2
  m_TagString: Untagged
  m_Icon: {fileID: 0}
  m_NavMeshLayer: 0
  m_StaticEditorFlags: 0
  m_IsActive: 1
--- !u!4 &2286343403479918396
Transform:
  m_ObjectHideFlags: 0
  m_CorrespondingSourceObject: {fileID: 0}
  m_PrefabInstance: {fileID: 0}
  m_PrefabAsset: {fileID: 0}
  m_GameObject: {fileID: 4467461932868414288}
  m_LocalRotation: {x: 0.100634456, y: -0.08101726, z: 0.018551776, w: 0.9914458}
  m_LocalPosition: {x: 1.15585996e-11, y: 0.115030326, z: -0.0049123964}
  m_LocalScale: {x: 1, y: 1, z: 1}
  m_Children:
  - {fileID: 7559523064738854813}
  - {fileID: 4919109708191023690}
  - {fileID: 3891015147905283993}
  - {fileID: 6417856353681773623}
  - {fileID: 2461708717272366447}
  - {fileID: 7179110153296122553}
  - {fileID: 6832445325418536939}
  m_Father: {fileID: 2481841696871177158}
  m_RootOrder: 2
  m_LocalEulerAnglesHint: {x: 0, y: 0, z: 0}
--- !u!1 &4673439379514846893
GameObject:
  m_ObjectHideFlags: 0
  m_CorrespondingSourceObject: {fileID: 0}
  m_PrefabInstance: {fileID: 0}
  m_PrefabAsset: {fileID: 0}
  serializedVersion: 6
  m_Component:
  - component: {fileID: 6832445325418536939}
  m_Layer: 0
  m_Name: RightShoulder
  m_TagString: Untagged
  m_Icon: {fileID: 0}
  m_NavMeshLayer: 0
  m_StaticEditorFlags: 0
  m_IsActive: 1
--- !u!4 &6832445325418536939
Transform:
  m_ObjectHideFlags: 0
  m_CorrespondingSourceObject: {fileID: 0}
  m_PrefabInstance: {fileID: 0}
  m_PrefabAsset: {fileID: 0}
  m_GameObject: {fileID: 4673439379514846893}
  m_LocalRotation: {x: 0.019386267, y: -0.08110878, z: -0.08609312, w: 0.9927908}
  m_LocalPosition: {x: 0.061978232, y: 0.13665234, z: -0.040647224}
  m_LocalScale: {x: 1, y: 1, z: 1}
  m_Children:
  - {fileID: 354890678071340616}
  m_Father: {fileID: 2286343403479918396}
  m_RootOrder: 6
  m_LocalEulerAnglesHint: {x: 0, y: 0, z: 0}
--- !u!1 &4813902657412212845
GameObject:
  m_ObjectHideFlags: 0
  m_CorrespondingSourceObject: {fileID: 0}
  m_PrefabInstance: {fileID: 0}
  m_PrefabAsset: {fileID: 0}
  serializedVersion: 6
  m_Component:
  - component: {fileID: 8514553629057502967}
  m_Layer: 0
  m_Name: LeftForeArm
  m_TagString: Untagged
  m_Icon: {fileID: 0}
  m_NavMeshLayer: 0
  m_StaticEditorFlags: 0
  m_IsActive: 1
--- !u!4 &8514553629057502967
Transform:
  m_ObjectHideFlags: 0
  m_CorrespondingSourceObject: {fileID: 0}
  m_PrefabInstance: {fileID: 0}
  m_PrefabAsset: {fileID: 0}
  m_GameObject: {fileID: 4813902657412212845}
  m_LocalRotation: {x: 0.05855693, y: 0.37981012, z: -0.008648123, w: 0.9231688}
  m_LocalPosition: {x: -0.21954697, y: -1.9895197e-15, z: -0.020410933}
  m_LocalScale: {x: 1, y: 1, z: 1}
  m_Children:
  - {fileID: 8709424356160258928}
  - {fileID: 519798074494320152}
  m_Father: {fileID: 5665127718610213025}
  m_RootOrder: 0
  m_LocalEulerAnglesHint: {x: 0, y: 0, z: 0}
--- !u!1 &4926156094060884426
GameObject:
  m_ObjectHideFlags: 0
  m_CorrespondingSourceObject: {fileID: 0}
  m_PrefabInstance: {fileID: 0}
  m_PrefabAsset: {fileID: 0}
  serializedVersion: 6
  m_Component:
  - component: {fileID: 4686075227108829564}
  m_Layer: 0
  m_Name: LeftToeBase
  m_TagString: Untagged
  m_Icon: {fileID: 0}
  m_NavMeshLayer: 0
  m_StaticEditorFlags: 0
  m_IsActive: 1
--- !u!4 &4686075227108829564
Transform:
  m_ObjectHideFlags: 0
  m_CorrespondingSourceObject: {fileID: 0}
  m_PrefabInstance: {fileID: 0}
  m_PrefabAsset: {fileID: 0}
  m_GameObject: {fileID: 4926156094060884426}
  m_LocalRotation: {x: 0, y: -0, z: -0, w: 1}
  m_LocalPosition: {x: -0.009701685, y: -0.13225351, z: 0.11864223}
  m_LocalScale: {x: 1, y: 1, z: 1}
  m_Children: []
  m_Father: {fileID: 5482787236608831060}
  m_RootOrder: 0
  m_LocalEulerAnglesHint: {x: 0, y: 0, z: 0}
--- !u!1 &4968228490823657218
GameObject:
  m_ObjectHideFlags: 0
  m_CorrespondingSourceObject: {fileID: 0}
  m_PrefabInstance: {fileID: 0}
  m_PrefabAsset: {fileID: 0}
  serializedVersion: 6
  m_Component:
  - component: {fileID: 2464822402764853732}
  m_Layer: 0
  m_Name: RHoodieString2
  m_TagString: Untagged
  m_Icon: {fileID: 0}
  m_NavMeshLayer: 0
  m_StaticEditorFlags: 0
  m_IsActive: 1
--- !u!4 &2464822402764853732
Transform:
  m_ObjectHideFlags: 0
  m_CorrespondingSourceObject: {fileID: 0}
  m_PrefabInstance: {fileID: 0}
  m_PrefabAsset: {fileID: 0}
  m_GameObject: {fileID: 4968228490823657218}
  m_LocalRotation: {x: 0, y: -0, z: -0, w: 1}
  m_LocalPosition: {x: 5.3290704e-17, y: -0.09643807, z: 0.026791314}
  m_LocalScale: {x: 1, y: 1, z: 1}
  m_Children: []
  m_Father: {fileID: 836775739068597522}
  m_RootOrder: 0
  m_LocalEulerAnglesHint: {x: 0, y: 0, z: 0}
--- !u!1 &5110997296354520096
GameObject:
  m_ObjectHideFlags: 0
  m_CorrespondingSourceObject: {fileID: 0}
  m_PrefabInstance: {fileID: 0}
  m_PrefabAsset: {fileID: 0}
  serializedVersion: 6
  m_Component:
  - component: {fileID: 1582436191228481035}
  m_Layer: 0
  m_Name: Hood1
  m_TagString: Untagged
  m_Icon: {fileID: 0}
  m_NavMeshLayer: 0
  m_StaticEditorFlags: 0
  m_IsActive: 1
--- !u!4 &1582436191228481035
Transform:
  m_ObjectHideFlags: 0
  m_CorrespondingSourceObject: {fileID: 0}
  m_PrefabInstance: {fileID: 0}
  m_PrefabAsset: {fileID: 0}
  m_GameObject: {fileID: 5110997296354520096}
  m_LocalRotation: {x: 0, y: -0, z: -0, w: 1}
  m_LocalPosition: {x: 1.18622034e-17, y: -0.05011016, z: -0.07685929}
  m_LocalScale: {x: 1, y: 1, z: 1}
  m_Children: []
  m_Father: {fileID: 4919109708191023690}
  m_RootOrder: 0
  m_LocalEulerAnglesHint: {x: 0, y: 0, z: 0}
--- !u!1 &5117432818224793933
GameObject:
  m_ObjectHideFlags: 0
  m_CorrespondingSourceObject: {fileID: 0}
  m_PrefabInstance: {fileID: 0}
  m_PrefabAsset: {fileID: 0}
  serializedVersion: 6
  m_Component:
  - component: {fileID: 1954274301198378903}
  m_Layer: 0
  m_Name: Head
  m_TagString: Untagged
  m_Icon: {fileID: 0}
  m_NavMeshLayer: 0
  m_StaticEditorFlags: 0
  m_IsActive: 1
--- !u!4 &1954274301198378903
Transform:
  m_ObjectHideFlags: 0
  m_CorrespondingSourceObject: {fileID: 0}
  m_PrefabInstance: {fileID: 0}
  m_PrefabAsset: {fileID: 0}
  m_GameObject: {fileID: 5117432818224793933}
  m_LocalRotation: {x: -0.054468956, y: -0.17692325, z: 0.0129705565, w: 0.98263067}
  m_LocalPosition: {x: 1.2556162e-10, y: 0.090510786, z: 0.010340214}
  m_LocalScale: {x: 1, y: 1, z: 1}
  m_Children:
  - {fileID: 5443325053669618487}
  - {fileID: 3058300305698171210}
  - {fileID: 5006293647565863250}
  m_Father: {fileID: 2461708717272366447}
  m_RootOrder: 0
  m_LocalEulerAnglesHint: {x: 0, y: 0, z: 0}
--- !u!1 &5183943330683265486
GameObject:
  m_ObjectHideFlags: 0
  m_CorrespondingSourceObject: {fileID: 0}
  m_PrefabInstance: {fileID: 0}
  m_PrefabAsset: {fileID: 0}
  serializedVersion: 6
  m_Component:
  - component: {fileID: 1082233697225090695}
  m_Layer: 0
  m_Name: RightToeBase
  m_TagString: Untagged
  m_Icon: {fileID: 0}
  m_NavMeshLayer: 0
  m_StaticEditorFlags: 0
  m_IsActive: 1
--- !u!4 &1082233697225090695
Transform:
  m_ObjectHideFlags: 0
  m_CorrespondingSourceObject: {fileID: 0}
  m_PrefabInstance: {fileID: 0}
  m_PrefabAsset: {fileID: 0}
  m_GameObject: {fileID: 5183943330683265486}
  m_LocalRotation: {x: 0, y: -0, z: -0, w: 1}
  m_LocalPosition: {x: 0.009701685, y: -0.13225351, z: 0.11864223}
  m_LocalScale: {x: 1, y: 1, z: 1}
  m_Children: []
  m_Father: {fileID: 1114865486372698664}
  m_RootOrder: 1
  m_LocalEulerAnglesHint: {x: 0, y: 0, z: 0}
--- !u!1 &5414790841695503847
GameObject:
  m_ObjectHideFlags: 0
  m_CorrespondingSourceObject: {fileID: 0}
  m_PrefabInstance: {fileID: 0}
  m_PrefabAsset: {fileID: 0}
  serializedVersion: 6
  m_Component:
  - component: {fileID: 2067237532624151950}
  m_Layer: 0
  m_Name: LFootTongue
  m_TagString: Untagged
  m_Icon: {fileID: 0}
  m_NavMeshLayer: 0
  m_StaticEditorFlags: 0
  m_IsActive: 1
--- !u!4 &2067237532624151950
Transform:
  m_ObjectHideFlags: 0
  m_CorrespondingSourceObject: {fileID: 0}
  m_PrefabInstance: {fileID: 0}
  m_PrefabAsset: {fileID: 0}
  m_GameObject: {fileID: 5414790841695503847}
  m_LocalRotation: {x: 0, y: -0, z: -0, w: 1}
  m_LocalPosition: {x: -0.011423989, y: -0.010597875, z: 0.06665161}
  m_LocalScale: {x: 1, y: 1, z: 1}
  m_Children: []
  m_Father: {fileID: 5482787236608831060}
  m_RootOrder: 1
  m_LocalEulerAnglesHint: {x: 0, y: 0, z: 0}
--- !u!1 &5455601944942273846
GameObject:
  m_ObjectHideFlags: 0
  m_CorrespondingSourceObject: {fileID: 0}
  m_PrefabInstance: {fileID: 0}
  m_PrefabAsset: {fileID: 0}
  serializedVersion: 6
  m_Component:
  - component: {fileID: 6417856353681773623}
  m_Layer: 0
  m_Name: LHoodieString
  m_TagString: Untagged
  m_Icon: {fileID: 0}
  m_NavMeshLayer: 0
  m_StaticEditorFlags: 0
  m_IsActive: 1
--- !u!4 &6417856353681773623
Transform:
  m_ObjectHideFlags: 0
  m_CorrespondingSourceObject: {fileID: 0}
  m_PrefabInstance: {fileID: 0}
  m_PrefabAsset: {fileID: 0}
  m_GameObject: {fileID: 5455601944942273846}
  m_LocalRotation: {x: 0, y: -0, z: -0, w: 1}
  m_LocalPosition: {x: -0.052504554, y: 0.16397738, z: 0.030899186}
  m_LocalScale: {x: 1, y: 1, z: 1}
  m_Children:
  - {fileID: 2990700486898304704}
  m_Father: {fileID: 2286343403479918396}
  m_RootOrder: 3
  m_LocalEulerAnglesHint: {x: 0, y: 0, z: 0}
--- !u!1 &5528638556302502520
GameObject:
  m_ObjectHideFlags: 0
  m_CorrespondingSourceObject: {fileID: 0}
  m_PrefabInstance: {fileID: 0}
  m_PrefabAsset: {fileID: 0}
  serializedVersion: 6
  m_Component:
  - component: {fileID: 7179110153296122553}
  m_Layer: 0
  m_Name: RHoodieString
  m_TagString: Untagged
  m_Icon: {fileID: 0}
  m_NavMeshLayer: 0
  m_StaticEditorFlags: 0
  m_IsActive: 1
--- !u!4 &7179110153296122553
Transform:
  m_ObjectHideFlags: 0
  m_CorrespondingSourceObject: {fileID: 0}
  m_PrefabInstance: {fileID: 0}
  m_PrefabAsset: {fileID: 0}
  m_GameObject: {fileID: 5528638556302502520}
  m_LocalRotation: {x: 0, y: -0, z: -0, w: 1}
  m_LocalPosition: {x: 0.052504547, y: 0.16397738, z: 0.030899186}
  m_LocalScale: {x: 1, y: 1, z: 1}
  m_Children:
  - {fileID: 836775739068597522}
  m_Father: {fileID: 2286343403479918396}
  m_RootOrder: 5
  m_LocalEulerAnglesHint: {x: 0, y: 0, z: 0}
--- !u!1 &5533360981421627976
GameObject:
  m_ObjectHideFlags: 0
  m_CorrespondingSourceObject: {fileID: 0}
  m_PrefabInstance: {fileID: 0}
  m_PrefabAsset: {fileID: 0}
  serializedVersion: 6
  m_Component:
  - component: {fileID: 4919109708191023690}
  m_Layer: 0
  m_Name: Hood
  m_TagString: Untagged
  m_Icon: {fileID: 0}
  m_NavMeshLayer: 0
  m_StaticEditorFlags: 0
  m_IsActive: 1
--- !u!4 &4919109708191023690
Transform:
  m_ObjectHideFlags: 0
  m_CorrespondingSourceObject: {fileID: 0}
  m_PrefabInstance: {fileID: 0}
  m_PrefabAsset: {fileID: 0}
  m_GameObject: {fileID: 5533360981421627976}
  m_LocalRotation: {x: 0, y: -0, z: -0, w: 1}
  m_LocalPosition: {x: 4.296435e-12, y: 0.18754146, z: -0.104309626}
  m_LocalScale: {x: 1, y: 1, z: 1}
  m_Children:
  - {fileID: 1582436191228481035}
  m_Father: {fileID: 2286343403479918396}
  m_RootOrder: 1
  m_LocalEulerAnglesHint: {x: 0, y: 0, z: 0}
--- !u!1 &5816583817046924972
GameObject:
  m_ObjectHideFlags: 0
  m_CorrespondingSourceObject: {fileID: 0}
  m_PrefabInstance: {fileID: 0}
  m_PrefabAsset: {fileID: 0}
  serializedVersion: 6
  m_Component:
  - component: {fileID: 2154091361149703877}
  m_Layer: 0
  m_Name: RightHandThumb1
  m_TagString: Untagged
  m_Icon: {fileID: 0}
  m_NavMeshLayer: 0
  m_StaticEditorFlags: 0
  m_IsActive: 1
--- !u!4 &2154091361149703877
Transform:
  m_ObjectHideFlags: 0
  m_CorrespondingSourceObject: {fileID: 0}
  m_PrefabInstance: {fileID: 0}
  m_PrefabAsset: {fileID: 0}
  m_GameObject: {fileID: 5816583817046924972}
  m_LocalRotation: {x: -0.08291729, y: 0.062771544, z: 0.016053528, w: 0.994448}
  m_LocalPosition: {x: 0.035939768, y: -0.014603583, z: 0.033655696}
  m_LocalScale: {x: 1, y: 1, z: 1}
  m_Children:
  - {fileID: 3283803589715932842}
  m_Father: {fileID: 8022943237658198250}
  m_RootOrder: 4
  m_LocalEulerAnglesHint: {x: 0, y: 0, z: 0}
--- !u!1 &6166190298775492029
GameObject:
  m_ObjectHideFlags: 0
  m_CorrespondingSourceObject: {fileID: 0}
  m_PrefabInstance: {fileID: 0}
  m_PrefabAsset: {fileID: 0}
  serializedVersion: 6
  m_Component:
  - component: {fileID: 4221216787131161179}
  m_Layer: 0
  m_Name: RightHandRing1
  m_TagString: Untagged
  m_Icon: {fileID: 0}
  m_NavMeshLayer: 0
  m_StaticEditorFlags: 0
  m_IsActive: 1
--- !u!4 &4221216787131161179
Transform:
  m_ObjectHideFlags: 0
  m_CorrespondingSourceObject: {fileID: 0}
  m_PrefabInstance: {fileID: 0}
  m_PrefabAsset: {fileID: 0}
  m_GameObject: {fileID: 6166190298775492029}
  m_LocalRotation: {x: 0.0099411495, y: 0.011614233, z: -0.01190638, w: 0.99981225}
  m_LocalPosition: {x: 0.114970796, y: -0.00008906763, z: -0.030700507}
  m_LocalScale: {x: 1, y: 1, z: 1}
  m_Children:
  - {fileID: 7141717453764667224}
  m_Father: {fileID: 8022943237658198250}
  m_RootOrder: 3
  m_LocalEulerAnglesHint: {x: 0, y: 0, z: 0}
--- !u!1 &6206311289948680059
GameObject:
  m_ObjectHideFlags: 0
  m_CorrespondingSourceObject: {fileID: 0}
  m_PrefabInstance: {fileID: 0}
  m_PrefabAsset: {fileID: 0}
  serializedVersion: 6
  m_Component:
  - component: {fileID: 7141717453764667224}
  m_Layer: 0
  m_Name: RightHandRing2
  m_TagString: Untagged
  m_Icon: {fileID: 0}
  m_NavMeshLayer: 0
  m_StaticEditorFlags: 0
  m_IsActive: 1
--- !u!4 &7141717453764667224
Transform:
  m_ObjectHideFlags: 0
  m_CorrespondingSourceObject: {fileID: 0}
  m_PrefabInstance: {fileID: 0}
  m_PrefabAsset: {fileID: 0}
  m_GameObject: {fileID: 6206311289948680059}
  m_LocalRotation: {x: -0.051958237, y: -0.08388713, z: -0.2777347, w: 0.95557666}
  m_LocalPosition: {x: 0.02881339, y: -0.009928569, z: -0.0018692748}
  m_LocalScale: {x: 1, y: 1, z: 1}
  m_Children:
  - {fileID: 8408328450022067073}
  m_Father: {fileID: 4221216787131161179}
  m_RootOrder: 0
  m_LocalEulerAnglesHint: {x: 0, y: 0, z: 0}
--- !u!1 &6217676600278597617
GameObject:
  m_ObjectHideFlags: 0
  m_CorrespondingSourceObject: {fileID: 0}
  m_PrefabInstance: {fileID: 0}
  m_PrefabAsset: {fileID: 0}
  serializedVersion: 6
  m_Component:
  - component: {fileID: 1582126126442244807}
  m_Layer: 0
  m_Name: LeftHandPinky3
  m_TagString: Untagged
  m_Icon: {fileID: 0}
  m_NavMeshLayer: 0
  m_StaticEditorFlags: 0
  m_IsActive: 1
--- !u!4 &1582126126442244807
Transform:
  m_ObjectHideFlags: 0
  m_CorrespondingSourceObject: {fileID: 0}
  m_PrefabInstance: {fileID: 0}
  m_PrefabAsset: {fileID: 0}
  m_GameObject: {fileID: 6217676600278597617}
  m_LocalRotation: {x: 0, y: -0, z: -0, w: 1}
  m_LocalPosition: {x: -0.027245726, y: -0.008436143, z: -0.0025268465}
  m_LocalScale: {x: 1, y: 1, z: 1}
  m_Children: []
  m_Father: {fileID: 1325939931444987760}
  m_RootOrder: 0
  m_LocalEulerAnglesHint: {x: 0, y: 0, z: 0}
--- !u!1 &6287056805229038440
GameObject:
  m_ObjectHideFlags: 0
  m_CorrespondingSourceObject: {fileID: 0}
  m_PrefabInstance: {fileID: 0}
  m_PrefabAsset: {fileID: 0}
  serializedVersion: 6
  m_Component:
  - component: {fileID: 3440578867815268149}
  m_Layer: 0
  m_Name: RightHandIndex2
  m_TagString: Untagged
  m_Icon: {fileID: 0}
  m_NavMeshLayer: 0
  m_StaticEditorFlags: 0
  m_IsActive: 1
--- !u!4 &3440578867815268149
Transform:
  m_ObjectHideFlags: 0
  m_CorrespondingSourceObject: {fileID: 0}
  m_PrefabInstance: {fileID: 0}
  m_PrefabAsset: {fileID: 0}
  m_GameObject: {fileID: 6287056805229038440}
  m_LocalRotation: {x: -0.012619003, y: -0.030896222, z: -0.06074565, w: 0.9975952}
  m_LocalPosition: {x: 0.032291904, y: -0.0057491474, z: -0.0014349757}
  m_LocalScale: {x: 1, y: 1, z: 1}
  m_Children:
  - {fileID: 1878039105448379739}
  m_Father: {fileID: 4409974936359889761}
  m_RootOrder: 0
  m_LocalEulerAnglesHint: {x: 0, y: 0, z: 0}
--- !u!1 &6290945742343067381
GameObject:
  m_ObjectHideFlags: 0
  m_CorrespondingSourceObject: {fileID: 0}
  m_PrefabInstance: {fileID: 0}
  m_PrefabAsset: {fileID: 0}
  serializedVersion: 6
  m_Component:
  - component: {fileID: 8341097777065225686}
  m_Layer: 0
  m_Name: Spine
  m_TagString: Untagged
  m_Icon: {fileID: 0}
  m_NavMeshLayer: 0
  m_StaticEditorFlags: 0
  m_IsActive: 1
--- !u!4 &8341097777065225686
Transform:
  m_ObjectHideFlags: 0
  m_CorrespondingSourceObject: {fileID: 0}
  m_PrefabInstance: {fileID: 0}
  m_PrefabAsset: {fileID: 0}
  m_GameObject: {fileID: 6290945742343067381}
  m_LocalRotation: {x: 0.050399885, y: -0.040979385, z: 0.00877357, w: 0.99784946}
  m_LocalPosition: {x: -0, y: 0.07722018, z: 0.011662032}
  m_LocalScale: {x: 1, y: 1, z: 1}
  m_Children:
  - {fileID: 2481841696871177158}
  m_Father: {fileID: 1011492817758031461}
  m_RootOrder: 2
  m_LocalEulerAnglesHint: {x: 0, y: 0, z: 0}
--- !u!1 &6327798746404844087
GameObject:
  m_ObjectHideFlags: 0
  m_CorrespondingSourceObject: {fileID: 0}
  m_PrefabInstance: {fileID: 0}
  m_PrefabAsset: {fileID: 0}
  serializedVersion: 6
  m_Component:
  - component: {fileID: 9120627982439221878}
  m_Layer: 0
  m_Name: RightHandMiddle1
  m_TagString: Untagged
  m_Icon: {fileID: 0}
  m_NavMeshLayer: 0
  m_StaticEditorFlags: 0
  m_IsActive: 1
--- !u!4 &9120627982439221878
Transform:
  m_ObjectHideFlags: 0
  m_CorrespondingSourceObject: {fileID: 0}
  m_PrefabInstance: {fileID: 0}
  m_PrefabAsset: {fileID: 0}
  m_GameObject: {fileID: 6327798746404844087}
  m_LocalRotation: {x: -0.00904792, y: -0.014109458, z: 0.03535052, w: 0.99923444}
  m_LocalPosition: {x: 0.11327374, y: 0.004266895, z: -0.0009818017}
  m_LocalScale: {x: 1, y: 1, z: 1}
  m_Children:
  - {fileID: 5206117983461741832}
  m_Father: {fileID: 8022943237658198250}
  m_RootOrder: 1
  m_LocalEulerAnglesHint: {x: 0, y: 0, z: 0}
--- !u!1 &6492408309453190929
GameObject:
  m_ObjectHideFlags: 0
  m_CorrespondingSourceObject: {fileID: 0}
  m_PrefabInstance: {fileID: 0}
  m_PrefabAsset: {fileID: 0}
  serializedVersion: 6
  m_Component:
  - component: {fileID: 4369583908570196534}
  m_Layer: 0
  m_Name: RBackpack_Strap
  m_TagString: Untagged
  m_Icon: {fileID: 0}
  m_NavMeshLayer: 0
  m_StaticEditorFlags: 0
  m_IsActive: 1
--- !u!4 &4369583908570196534
Transform:
  m_ObjectHideFlags: 0
  m_CorrespondingSourceObject: {fileID: 0}
  m_PrefabInstance: {fileID: 0}
  m_PrefabAsset: {fileID: 0}
  m_GameObject: {fileID: 6492408309453190929}
  m_LocalRotation: {x: 0, y: -0, z: -0, w: 1}
  m_LocalPosition: {x: 0.15223, y: -0.07719787, z: -0.06610897}
  m_LocalScale: {x: 1, y: 1, z: 1}
  m_Children: []
  m_Father: {fileID: 2481841696871177158}
  m_RootOrder: 1
  m_LocalEulerAnglesHint: {x: 0, y: 0, z: 0}
--- !u!1 &6500683968969267061
GameObject:
  m_ObjectHideFlags: 0
  m_CorrespondingSourceObject: {fileID: 0}
  m_PrefabInstance: {fileID: 0}
  m_PrefabAsset: {fileID: 0}
  serializedVersion: 6
  m_Component:
  - component: {fileID: 2578734129567611145}
  m_Layer: 0
  m_Name: LeftHandIndex3
  m_TagString: Untagged
  m_Icon: {fileID: 0}
  m_NavMeshLayer: 0
  m_StaticEditorFlags: 0
  m_IsActive: 1
--- !u!4 &2578734129567611145
Transform:
  m_ObjectHideFlags: 0
  m_CorrespondingSourceObject: {fileID: 0}
  m_PrefabInstance: {fileID: 0}
  m_PrefabAsset: {fileID: 0}
  m_GameObject: {fileID: 6500683968969267061}
  m_LocalRotation: {x: 0, y: -0, z: -0, w: 1}
  m_LocalPosition: {x: -0.031111576, y: -0.011356314, z: -0.0028079413}
  m_LocalScale: {x: 1, y: 1, z: 1}
  m_Children: []
  m_Father: {fileID: 562739495695751825}
  m_RootOrder: 0
  m_LocalEulerAnglesHint: {x: 0, y: 0, z: 0}
--- !u!1 &6627976744445078742
GameObject:
  m_ObjectHideFlags: 0
  m_CorrespondingSourceObject: {fileID: 0}
  m_PrefabInstance: {fileID: 0}
  m_PrefabAsset: {fileID: 0}
  serializedVersion: 6
  m_Component:
  - component: {fileID: 6006038007623449088}
  m_Layer: 0
  m_Name: LeftHandRing3
  m_TagString: Untagged
  m_Icon: {fileID: 0}
  m_NavMeshLayer: 0
  m_StaticEditorFlags: 0
  m_IsActive: 1
--- !u!4 &6006038007623449088
Transform:
  m_ObjectHideFlags: 0
  m_CorrespondingSourceObject: {fileID: 0}
  m_PrefabInstance: {fileID: 0}
  m_PrefabAsset: {fileID: 0}
  m_GameObject: {fileID: 6627976744445078742}
  m_LocalRotation: {x: 0, y: -0, z: -0, w: 1}
  m_LocalPosition: {x: -0.030227453, y: -0.012810167, z: -0.0029096045}
  m_LocalScale: {x: 1, y: 1, z: 1}
  m_Children: []
  m_Father: {fileID: 7931206655821151319}
  m_RootOrder: 0
  m_LocalEulerAnglesHint: {x: 0, y: 0, z: 0}
--- !u!1 &6772396680893491173
GameObject:
  m_ObjectHideFlags: 0
  m_CorrespondingSourceObject: {fileID: 0}
  m_PrefabInstance: {fileID: 0}
  m_PrefabAsset: {fileID: 0}
  serializedVersion: 6
  m_Component:
  - component: {fileID: 7603226314507425278}
  m_Layer: 0
  m_Name: LeftHandThumb2
  m_TagString: Untagged
  m_Icon: {fileID: 0}
  m_NavMeshLayer: 0
  m_StaticEditorFlags: 0
  m_IsActive: 1
--- !u!4 &7603226314507425278
Transform:
  m_ObjectHideFlags: 0
  m_CorrespondingSourceObject: {fileID: 0}
  m_PrefabInstance: {fileID: 0}
  m_PrefabAsset: {fileID: 0}
  m_GameObject: {fileID: 6772396680893491173}
  m_LocalRotation: {x: -0.073851824, y: 0.06743748, z: -0.057819854, w: 0.9933051}
  m_LocalPosition: {x: -0.030167103, y: -0.015619701, z: 0.021190222}
  m_LocalScale: {x: 1, y: 1, z: 1}
  m_Children:
  - {fileID: 5816187112839834008}
  m_Father: {fileID: 7772481167217702145}
  m_RootOrder: 0
  m_LocalEulerAnglesHint: {x: 0, y: 0, z: 0}
--- !u!1 &6810143301394266190
GameObject:
  m_ObjectHideFlags: 0
  m_CorrespondingSourceObject: {fileID: 0}
  m_PrefabInstance: {fileID: 0}
  m_PrefabAsset: {fileID: 0}
  serializedVersion: 6
  m_Component:
  - component: {fileID: 5443325053669618487}
  m_Layer: 0
  m_Name: HairA
  m_TagString: Untagged
  m_Icon: {fileID: 0}
  m_NavMeshLayer: 0
  m_StaticEditorFlags: 0
  m_IsActive: 1
--- !u!4 &5443325053669618487
Transform:
  m_ObjectHideFlags: 0
  m_CorrespondingSourceObject: {fileID: 0}
  m_PrefabInstance: {fileID: 0}
  m_PrefabAsset: {fileID: 0}
  m_GameObject: {fileID: 6810143301394266190}
  m_LocalRotation: {x: 0, y: -0, z: -0, w: 1}
  m_LocalPosition: {x: 0.07081073, y: 0.24428293, z: 0.23196633}
  m_LocalScale: {x: 1, y: 1, z: 1}
  m_Children: []
  m_Father: {fileID: 1954274301198378903}
  m_RootOrder: 0
  m_LocalEulerAnglesHint: {x: 0, y: 0, z: 0}
--- !u!1 &6895622684442715947
GameObject:
  m_ObjectHideFlags: 0
  m_CorrespondingSourceObject: {fileID: 0}
  m_PrefabInstance: {fileID: 0}
  m_PrefabAsset: {fileID: 0}
  serializedVersion: 6
  m_Component:
  - component: {fileID: 844836271990889170}
  m_Layer: 0
  m_Name: LeftHandPinky1
  m_TagString: Untagged
  m_Icon: {fileID: 0}
  m_NavMeshLayer: 0
  m_StaticEditorFlags: 0
  m_IsActive: 1
--- !u!4 &844836271990889170
Transform:
  m_ObjectHideFlags: 0
  m_CorrespondingSourceObject: {fileID: 0}
  m_PrefabInstance: {fileID: 0}
  m_PrefabAsset: {fileID: 0}
  m_GameObject: {fileID: 6895622684442715947}
  m_LocalRotation: {x: -0.011935284, y: -0.06899812, z: 0.12818666, w: 0.989275}
  m_LocalPosition: {x: -0.10529485, y: -0.013730914, z: -0.056256145}
  m_LocalScale: {x: 1, y: 1, z: 1}
  m_Children:
  - {fileID: 1325939931444987760}
  m_Father: {fileID: 8709424356160258928}
  m_RootOrder: 2
  m_LocalEulerAnglesHint: {x: 0, y: 0, z: 0}
--- !u!1 &6955412313740495044
GameObject:
  m_ObjectHideFlags: 0
  m_CorrespondingSourceObject: {fileID: 0}
  m_PrefabInstance: {fileID: 0}
  m_PrefabAsset: {fileID: 0}
  serializedVersion: 6
  m_Component:
  - component: {fileID: 1878039105448379739}
  m_Layer: 0
  m_Name: RightHandIndex3
  m_TagString: Untagged
  m_Icon: {fileID: 0}
  m_NavMeshLayer: 0
  m_StaticEditorFlags: 0
  m_IsActive: 1
--- !u!4 &1878039105448379739
Transform:
  m_ObjectHideFlags: 0
  m_CorrespondingSourceObject: {fileID: 0}
  m_PrefabInstance: {fileID: 0}
  m_PrefabAsset: {fileID: 0}
  m_GameObject: {fileID: 6955412313740495044}
  m_LocalRotation: {x: 0, y: -0, z: -0, w: 1}
  m_LocalPosition: {x: 0.031111576, y: -0.011356314, z: -0.0028079413}
  m_LocalScale: {x: 1, y: 1, z: 1}
  m_Children: []
  m_Father: {fileID: 3440578867815268149}
  m_RootOrder: 0
  m_LocalEulerAnglesHint: {x: 0, y: 0, z: 0}
--- !u!1 &6986061215884662625
GameObject:
  m_ObjectHideFlags: 0
  m_CorrespondingSourceObject: {fileID: 0}
  m_PrefabInstance: {fileID: 0}
  m_PrefabAsset: {fileID: 0}
  serializedVersion: 6
  m_Component:
  - component: {fileID: 1114865486372698664}
  m_Layer: 0
  m_Name: RightFoot
  m_TagString: Untagged
  m_Icon: {fileID: 0}
  m_NavMeshLayer: 0
  m_StaticEditorFlags: 0
  m_IsActive: 1
--- !u!4 &1114865486372698664
Transform:
  m_ObjectHideFlags: 0
  m_CorrespondingSourceObject: {fileID: 0}
  m_PrefabInstance: {fileID: 0}
  m_PrefabAsset: {fileID: 0}
  m_GameObject: {fileID: 6986061215884662625}
  m_LocalRotation: {x: -0.18109222, y: 0.006620759, z: -0.14597324, w: 0.97255003}
  m_LocalPosition: {x: 0.0043898537, y: -0.32635653, z: -0.030126814}
  m_LocalScale: {x: 1, y: 1, z: 1}
  m_Children:
  - {fileID: 2538555427299824512}
  - {fileID: 1082233697225090695}
  m_Father: {fileID: 8618118751806874156}
  m_RootOrder: 0
  m_LocalEulerAnglesHint: {x: 0, y: 0, z: 0}
--- !u!1 &7212634596829766793
GameObject:
  m_ObjectHideFlags: 0
  m_CorrespondingSourceObject: {fileID: 0}
  m_PrefabInstance: {fileID: 0}
  m_PrefabAsset: {fileID: 0}
  serializedVersion: 6
  m_Component:
  - component: {fileID: 7267615311463255642}
  m_Layer: 0
  m_Name: RightHandPinky2
  m_TagString: Untagged
  m_Icon: {fileID: 0}
  m_NavMeshLayer: 0
  m_StaticEditorFlags: 0
  m_IsActive: 1
--- !u!4 &7267615311463255642
Transform:
  m_ObjectHideFlags: 0
  m_CorrespondingSourceObject: {fileID: 0}
  m_PrefabInstance: {fileID: 0}
  m_PrefabAsset: {fileID: 0}
  m_GameObject: {fileID: 7212634596829766793}
  m_LocalRotation: {x: -0.057922706, y: -0.09912834, z: -0.35147622, w: 0.92913026}
  m_LocalPosition: {x: 0.026790237, y: -0.009500736, z: -0.0033055397}
  m_LocalScale: {x: 1, y: 1, z: 1}
  m_Children:
  - {fileID: 2017982739956001909}
  m_Father: {fileID: 5647865710392775653}
  m_RootOrder: 0
  m_LocalEulerAnglesHint: {x: 0, y: 0, z: 0}
--- !u!1 &7317582755435583547
GameObject:
  m_ObjectHideFlags: 0
  m_CorrespondingSourceObject: {fileID: 0}
  m_PrefabInstance: {fileID: 0}
  m_PrefabAsset: {fileID: 0}
  serializedVersion: 6
  m_Component:
  - component: {fileID: 7717064944472758141}
  m_Layer: 0
  m_Name: BoyFacialAnim_Joint
  m_TagString: Untagged
  m_Icon: {fileID: 0}
  m_NavMeshLayer: 0
  m_StaticEditorFlags: 0
  m_IsActive: 1
--- !u!4 &7717064944472758141
Transform:
  m_ObjectHideFlags: 0
  m_CorrespondingSourceObject: {fileID: 0}
  m_PrefabInstance: {fileID: 0}
  m_PrefabAsset: {fileID: 0}
  m_GameObject: {fileID: 7317582755435583547}
  m_LocalRotation: {x: 0, y: -0, z: -0, w: 1}
  m_LocalPosition: {x: -0.01, y: -0.8220807, z: -0.015509221}
  m_LocalScale: {x: 1, y: 1, z: 1}
  m_Children: []
  m_Father: {fileID: 1011492817758031461}
  m_RootOrder: 0
  m_LocalEulerAnglesHint: {x: 0, y: 0, z: 0}
--- !u!1 &7435346250962558320
GameObject:
  m_ObjectHideFlags: 0
  m_CorrespondingSourceObject: {fileID: 0}
  m_PrefabInstance: {fileID: 0}
  m_PrefabAsset: {fileID: 0}
  serializedVersion: 6
  m_Component:
  - component: {fileID: 3808119957352214567}
  - component: {fileID: 7226674022718850080}
  m_Layer: 0
  m_Name: Boy01_Eyes_Geo
  m_TagString: Untagged
  m_Icon: {fileID: 0}
  m_NavMeshLayer: 0
  m_StaticEditorFlags: 0
  m_IsActive: 1
--- !u!4 &3808119957352214567
Transform:
  m_ObjectHideFlags: 0
  m_CorrespondingSourceObject: {fileID: 0}
  m_PrefabInstance: {fileID: 0}
  m_PrefabAsset: {fileID: 0}
  m_GameObject: {fileID: 7435346250962558320}
  m_LocalRotation: {x: 0, y: -0, z: -0, w: 1}
  m_LocalPosition: {x: -0, y: 0, z: 0}
  m_LocalScale: {x: 1, y: 1, z: 1}
  m_Children: []
  m_Father: {fileID: 1040730597724244332}
  m_RootOrder: 2
  m_LocalEulerAnglesHint: {x: 0, y: 0, z: 0}
--- !u!137 &7226674022718850080
SkinnedMeshRenderer:
  m_ObjectHideFlags: 0
  m_CorrespondingSourceObject: {fileID: 0}
  m_PrefabInstance: {fileID: 0}
  m_PrefabAsset: {fileID: 0}
  m_GameObject: {fileID: 7435346250962558320}
  m_Enabled: 1
  m_CastShadows: 1
  m_ReceiveShadows: 1
  m_DynamicOccludee: 1
  m_MotionVectors: 1
  m_LightProbeUsage: 1
  m_ReflectionProbeUsage: 1
  m_RayTracingMode: 3
  m_RayTraceProcedural: 0
  m_RenderingLayerMask: 1
  m_RendererPriority: 0
  m_Materials:
  - {fileID: 5472084673838769539, guid: d0921956bf9ad574da13858ebbaaca34, type: 3}
  m_StaticBatchInfo:
    firstSubMesh: 0
    subMeshCount: 0
  m_StaticBatchRoot: {fileID: 0}
  m_ProbeAnchor: {fileID: 0}
  m_LightProbeVolumeOverride: {fileID: 0}
  m_ScaleInLightmap: 1
  m_ReceiveGI: 1
  m_PreserveUVs: 0
  m_IgnoreNormalsForChartDetection: 0
  m_ImportantGI: 0
  m_StitchLightmapSeams: 1
  m_SelectedEditorRenderState: 3
  m_MinimumChartSize: 4
  m_AutoUVMaxDistance: 0.5
  m_AutoUVMaxAngle: 89
  m_LightmapParameters: {fileID: 0}
  m_SortingLayerID: 0
  m_SortingLayer: 0
  m_SortingOrder: 0
  serializedVersion: 2
  m_Quality: 0
  m_UpdateWhenOffscreen: 0
  m_SkinnedMotionVectors: 1
  m_Mesh: {fileID: 4558750317816413921, guid: d0921956bf9ad574da13858ebbaaca34, type: 3}
  m_Bones:
  - {fileID: 1011492817758031461}
  - {fileID: 4477832376037735468}
  - {fileID: 4982145579051603133}
  - {fileID: 9100487714693087674}
  - {fileID: 5482787236608831060}
  - {fileID: 4686075227108829564}
  - {fileID: 2067237532624151950}
  - {fileID: 9217612270397252694}
  - {fileID: 5619580585876910844}
  - {fileID: 8618118751806874156}
  - {fileID: 1114865486372698664}
  - {fileID: 1082233697225090695}
  - {fileID: 2538555427299824512}
  - {fileID: 4554581455823698044}
  - {fileID: 8341097777065225686}
  - {fileID: 2481841696871177158}
  - {fileID: 2286343403479918396}
  - {fileID: 2461708717272366447}
  - {fileID: 1954274301198378903}
  - {fileID: 3058300305698171210}
  - {fileID: 5443325053669618487}
  - {fileID: 5006293647565863250}
  - {fileID: 3891015147905283993}
  - {fileID: 5665127718610213025}
  - {fileID: 8514553629057502967}
  - {fileID: 8709424356160258928}
  - {fileID: 7772481167217702145}
  - {fileID: 7603226314507425278}
  - {fileID: 5816187112839834008}
  - {fileID: 5619189530647542251}
  - {fileID: 562739495695751825}
  - {fileID: 2578734129567611145}
  - {fileID: 7556669379844135514}
  - {fileID: 249422396958481655}
  - {fileID: 3258713893847814554}
  - {fileID: 2271363928847042935}
  - {fileID: 7931206655821151319}
  - {fileID: 6006038007623449088}
  - {fileID: 844836271990889170}
  - {fileID: 1325939931444987760}
  - {fileID: 1582126126442244807}
  - {fileID: 519798074494320152}
  - {fileID: 6832445325418536939}
  - {fileID: 354890678071340616}
  - {fileID: 3532779222179414300}
  - {fileID: 8022943237658198250}
  - {fileID: 2154091361149703877}
  - {fileID: 3283803589715932842}
  - {fileID: 5887906654104675835}
  - {fileID: 4409974936359889761}
  - {fileID: 3440578867815268149}
  - {fileID: 1878039105448379739}
  - {fileID: 9120627982439221878}
  - {fileID: 5206117983461741832}
  - {fileID: 5404100421503650766}
  - {fileID: 4221216787131161179}
  - {fileID: 7141717453764667224}
  - {fileID: 8408328450022067073}
  - {fileID: 5647865710392775653}
  - {fileID: 7267615311463255642}
  - {fileID: 2017982739956001909}
  - {fileID: 3866417227555645844}
  - {fileID: 7559523064738854813}
  - {fileID: 4919109708191023690}
  - {fileID: 1582436191228481035}
  - {fileID: 6417856353681773623}
  - {fileID: 2990700486898304704}
  - {fileID: 8561257148237875187}
  - {fileID: 7179110153296122553}
  - {fileID: 836775739068597522}
  - {fileID: 2464822402764853732}
  - {fileID: 5538998477351776876}
  - {fileID: 4369583908570196534}
  m_BlendShapeWeights: []
  m_RootBone: {fileID: 1011492817758031461}
  m_AABB:
    m_Center: {x: -0.20465076, y: 0.65881777, z: 0.34241778}
    m_Extent: {x: 0.1473661, y: 0.09792131, z: 0.15013307}
  m_DirtyAABB: 0
--- !u!1 &7596613549075729454
GameObject:
  m_ObjectHideFlags: 0
  m_CorrespondingSourceObject: {fileID: 0}
  m_PrefabInstance: {fileID: 0}
  m_PrefabAsset: {fileID: 0}
  serializedVersion: 6
  m_Component:
  - component: {fileID: 11555116428968477}
  - component: {fileID: 8915692427090573875}
  m_Layer: 0
  m_Name: h_Geo
  m_TagString: Untagged
  m_Icon: {fileID: 0}
  m_NavMeshLayer: 0
  m_StaticEditorFlags: 0
  m_IsActive: 1
--- !u!4 &11555116428968477
Transform:
  m_ObjectHideFlags: 0
  m_CorrespondingSourceObject: {fileID: 0}
  m_PrefabInstance: {fileID: 0}
  m_PrefabAsset: {fileID: 0}
  m_GameObject: {fileID: 7596613549075729454}
  m_LocalRotation: {x: 0, y: -0, z: -0, w: 1}
  m_LocalPosition: {x: -0, y: 0, z: 0}
  m_LocalScale: {x: 1, y: 1, z: 1}
  m_Children: []
  m_Father: {fileID: 1040730597724244332}
  m_RootOrder: 3
  m_LocalEulerAnglesHint: {x: 0, y: 0, z: 0}
--- !u!137 &8915692427090573875
SkinnedMeshRenderer:
  m_ObjectHideFlags: 0
  m_CorrespondingSourceObject: {fileID: 0}
  m_PrefabInstance: {fileID: 0}
  m_PrefabAsset: {fileID: 0}
  m_GameObject: {fileID: 7596613549075729454}
  m_Enabled: 1
  m_CastShadows: 1
  m_ReceiveShadows: 1
  m_DynamicOccludee: 1
  m_MotionVectors: 1
  m_LightProbeUsage: 1
  m_ReflectionProbeUsage: 1
  m_RayTracingMode: 3
  m_RayTraceProcedural: 0
  m_RenderingLayerMask: 1
  m_RendererPriority: 0
  m_Materials:
  - {fileID: -2032983031477371532, guid: d0921956bf9ad574da13858ebbaaca34, type: 3}
  m_StaticBatchInfo:
    firstSubMesh: 0
    subMeshCount: 0
  m_StaticBatchRoot: {fileID: 0}
  m_ProbeAnchor: {fileID: 0}
  m_LightProbeVolumeOverride: {fileID: 0}
  m_ScaleInLightmap: 1
  m_ReceiveGI: 1
  m_PreserveUVs: 0
  m_IgnoreNormalsForChartDetection: 0
  m_ImportantGI: 0
  m_StitchLightmapSeams: 1
  m_SelectedEditorRenderState: 3
  m_MinimumChartSize: 4
  m_AutoUVMaxDistance: 0.5
  m_AutoUVMaxAngle: 89
  m_LightmapParameters: {fileID: 0}
  m_SortingLayerID: 0
  m_SortingLayer: 0
  m_SortingOrder: 0
  serializedVersion: 2
  m_Quality: 0
  m_UpdateWhenOffscreen: 0
  m_SkinnedMotionVectors: 1
  m_Mesh: {fileID: -4818609143671401536, guid: d0921956bf9ad574da13858ebbaaca34, type: 3}
  m_Bones:
  - {fileID: 1011492817758031461}
  - {fileID: 4477832376037735468}
  - {fileID: 4982145579051603133}
  - {fileID: 9100487714693087674}
  - {fileID: 5482787236608831060}
  - {fileID: 4686075227108829564}
  - {fileID: 2067237532624151950}
  - {fileID: 9217612270397252694}
  - {fileID: 5619580585876910844}
  - {fileID: 8618118751806874156}
  - {fileID: 1114865486372698664}
  - {fileID: 1082233697225090695}
  - {fileID: 2538555427299824512}
  - {fileID: 4554581455823698044}
  - {fileID: 8341097777065225686}
  - {fileID: 2481841696871177158}
  - {fileID: 2286343403479918396}
  - {fileID: 2461708717272366447}
  - {fileID: 1954274301198378903}
  - {fileID: 3058300305698171210}
  - {fileID: 5443325053669618487}
  - {fileID: 5006293647565863250}
  - {fileID: 3891015147905283993}
  - {fileID: 5665127718610213025}
  - {fileID: 8514553629057502967}
  - {fileID: 8709424356160258928}
  - {fileID: 7772481167217702145}
  - {fileID: 7603226314507425278}
  - {fileID: 5816187112839834008}
  - {fileID: 5619189530647542251}
  - {fileID: 562739495695751825}
  - {fileID: 2578734129567611145}
  - {fileID: 7556669379844135514}
  - {fileID: 249422396958481655}
  - {fileID: 3258713893847814554}
  - {fileID: 2271363928847042935}
  - {fileID: 7931206655821151319}
  - {fileID: 6006038007623449088}
  - {fileID: 844836271990889170}
  - {fileID: 1325939931444987760}
  - {fileID: 1582126126442244807}
  - {fileID: 519798074494320152}
  - {fileID: 6832445325418536939}
  - {fileID: 354890678071340616}
  - {fileID: 3532779222179414300}
  - {fileID: 8022943237658198250}
  - {fileID: 2154091361149703877}
  - {fileID: 3283803589715932842}
  - {fileID: 5887906654104675835}
  - {fileID: 4409974936359889761}
  - {fileID: 3440578867815268149}
  - {fileID: 1878039105448379739}
  - {fileID: 9120627982439221878}
  - {fileID: 5206117983461741832}
  - {fileID: 5404100421503650766}
  - {fileID: 4221216787131161179}
  - {fileID: 7141717453764667224}
  - {fileID: 8408328450022067073}
  - {fileID: 5647865710392775653}
  - {fileID: 7267615311463255642}
  - {fileID: 2017982739956001909}
  - {fileID: 3866417227555645844}
  - {fileID: 7559523064738854813}
  - {fileID: 4919109708191023690}
  - {fileID: 1582436191228481035}
  - {fileID: 6417856353681773623}
  - {fileID: 2990700486898304704}
  - {fileID: 8561257148237875187}
  - {fileID: 7179110153296122553}
  - {fileID: 836775739068597522}
  - {fileID: 2464822402764853732}
  - {fileID: 5538998477351776876}
  - {fileID: 4369583908570196534}
  m_BlendShapeWeights: []
  m_RootBone: {fileID: 1011492817758031461}
  m_AABB:
    m_Center: {x: -0.19460149, y: 0.5453242, z: 0.31217837}
    m_Extent: {x: 0.12487079, y: 0.08531962, z: 0.12772614}
  m_DirtyAABB: 0
--- !u!1 &7742552030680649175
GameObject:
  m_ObjectHideFlags: 0
  m_CorrespondingSourceObject: {fileID: 0}
  m_PrefabInstance: {fileID: 0}
  m_PrefabAsset: {fileID: 0}
  serializedVersion: 6
  m_Component:
  - component: {fileID: 2481841696871177158}
  m_Layer: 0
  m_Name: Spine1
  m_TagString: Untagged
  m_Icon: {fileID: 0}
  m_NavMeshLayer: 0
  m_StaticEditorFlags: 0
  m_IsActive: 1
--- !u!4 &2481841696871177158
Transform:
  m_ObjectHideFlags: 0
  m_CorrespondingSourceObject: {fileID: 0}
  m_PrefabInstance: {fileID: 0}
  m_PrefabAsset: {fileID: 0}
  m_GameObject: {fileID: 7742552030680649175}
  m_LocalRotation: {x: 0.100634485, y: -0.081017256, z: 0.018551799, w: 0.9914458}
  m_LocalPosition: {x: -1.5855036e-11, y: 0.12024084, z: 0.0024876625}
  m_LocalScale: {x: 1, y: 1, z: 1}
  m_Children:
  - {fileID: 5538998477351776876}
  - {fileID: 4369583908570196534}
  - {fileID: 2286343403479918396}
  m_Father: {fileID: 8341097777065225686}
  m_RootOrder: 0
  m_LocalEulerAnglesHint: {x: 0, y: 0, z: 0}
--- !u!1 &7898039762307693564
GameObject:
  m_ObjectHideFlags: 0
  m_CorrespondingSourceObject: {fileID: 0}
  m_PrefabInstance: {fileID: 0}
  m_PrefabAsset: {fileID: 0}
  serializedVersion: 6
  m_Component:
  - component: {fileID: 5619580585876910844}
  m_Layer: 0
  m_Name: RightUpLeg
  m_TagString: Untagged
  m_Icon: {fileID: 0}
  m_NavMeshLayer: 0
  m_StaticEditorFlags: 0
  m_IsActive: 1
--- !u!4 &5619580585876910844
Transform:
  m_ObjectHideFlags: 0
  m_CorrespondingSourceObject: {fileID: 0}
  m_PrefabInstance: {fileID: 0}
  m_PrefabAsset: {fileID: 0}
  m_GameObject: {fileID: 7898039762307693564}
  m_LocalRotation: {x: -0.022125026, y: 0.12293081, z: 0.12377499, w: 0.98441774}
  m_LocalPosition: {x: 0.08479694, y: -0.04795516, z: -0.0037905346}
  m_LocalScale: {x: 1, y: 1, z: 1}
  m_Children:
  - {fileID: 8618118751806874156}
  m_Father: {fileID: 4477832376037735468}
  m_RootOrder: 1
  m_LocalEulerAnglesHint: {x: 0, y: 0, z: 0}
--- !u!1 &7993805554783529502
GameObject:
  m_ObjectHideFlags: 0
  m_CorrespondingSourceObject: {fileID: 0}
  m_PrefabInstance: {fileID: 0}
  m_PrefabAsset: {fileID: 0}
  serializedVersion: 6
  m_Component:
  - component: {fileID: 4477832376037735468}
  m_Layer: 0
  m_Name: Pelvis
  m_TagString: Untagged
  m_Icon: {fileID: 0}
  m_NavMeshLayer: 0
  m_StaticEditorFlags: 0
  m_IsActive: 1
--- !u!4 &4477832376037735468
Transform:
  m_ObjectHideFlags: 0
  m_CorrespondingSourceObject: {fileID: 0}
  m_PrefabInstance: {fileID: 0}
  m_PrefabAsset: {fileID: 0}
  m_GameObject: {fileID: 7993805554783529502}
  m_LocalRotation: {x: 0, y: -0, z: -0, w: 1}
  m_LocalPosition: {x: -0, y: 0, z: 0}
  m_LocalScale: {x: 1, y: 1, z: 1}
  m_Children:
  - {fileID: 4982145579051603133}
  - {fileID: 5619580585876910844}
  m_Father: {fileID: 1011492817758031461}
  m_RootOrder: 1
  m_LocalEulerAnglesHint: {x: 0, y: 0, z: 0}
--- !u!1 &8137992206197741473
GameObject:
  m_ObjectHideFlags: 0
  m_CorrespondingSourceObject: {fileID: 0}
  m_PrefabInstance: {fileID: 0}
  m_PrefabAsset: {fileID: 0}
  serializedVersion: 6
  m_Component:
  - component: {fileID: 2990700486898304704}
  m_Layer: 0
  m_Name: LHoodieString1
  m_TagString: Untagged
  m_Icon: {fileID: 0}
  m_NavMeshLayer: 0
  m_StaticEditorFlags: 0
  m_IsActive: 1
--- !u!4 &2990700486898304704
Transform:
  m_ObjectHideFlags: 0
  m_CorrespondingSourceObject: {fileID: 0}
  m_PrefabInstance: {fileID: 0}
  m_PrefabAsset: {fileID: 0}
  m_GameObject: {fileID: 8137992206197741473}
  m_LocalRotation: {x: 0, y: -0, z: -0, w: 1}
  m_LocalPosition: {x: -0.0025771135, y: -0.06364301, z: 0.03694586}
  m_LocalScale: {x: 1, y: 1, z: 1}
  m_Children:
  - {fileID: 8561257148237875187}
  m_Father: {fileID: 6417856353681773623}
  m_RootOrder: 0
  m_LocalEulerAnglesHint: {x: 0, y: 0, z: 0}
--- !u!1 &8266547729800426152
GameObject:
  m_ObjectHideFlags: 0
  m_CorrespondingSourceObject: {fileID: 0}
  m_PrefabInstance: {fileID: 0}
  m_PrefabAsset: {fileID: 0}
  serializedVersion: 6
  m_Component:
  - component: {fileID: 7556669379844135514}
  m_Layer: 0
  m_Name: LeftHandMiddle1
  m_TagString: Untagged
  m_Icon: {fileID: 0}
  m_NavMeshLayer: 0
  m_StaticEditorFlags: 0
  m_IsActive: 1
--- !u!4 &7556669379844135514
Transform:
  m_ObjectHideFlags: 0
  m_CorrespondingSourceObject: {fileID: 0}
  m_PrefabInstance: {fileID: 0}
  m_PrefabAsset: {fileID: 0}
  m_GameObject: {fileID: 8266547729800426152}
  m_LocalRotation: {x: 0.011302062, y: -0.042715322, z: -0.012039182, w: 0.99895084}
  m_LocalPosition: {x: -0.11327374, y: 0.004266898, z: -0.0009818026}
  m_LocalScale: {x: 1, y: 1, z: 1}
  m_Children:
  - {fileID: 249422396958481655}
  m_Father: {fileID: 8709424356160258928}
  m_RootOrder: 1
  m_LocalEulerAnglesHint: {x: 0, y: 0, z: 0}
--- !u!1 &8343119309370017366
GameObject:
  m_ObjectHideFlags: 0
  m_CorrespondingSourceObject: {fileID: 0}
  m_PrefabInstance: {fileID: 0}
  m_PrefabAsset: {fileID: 0}
  serializedVersion: 6
  m_Component:
  - component: {fileID: 1011492817758031461}
  m_Layer: 0
  m_Name: Hips
  m_TagString: Untagged
  m_Icon: {fileID: 0}
  m_NavMeshLayer: 0
  m_StaticEditorFlags: 0
  m_IsActive: 1
--- !u!4 &1011492817758031461
Transform:
  m_ObjectHideFlags: 0
  m_CorrespondingSourceObject: {fileID: 0}
  m_PrefabInstance: {fileID: 0}
  m_PrefabAsset: {fileID: 0}
  m_GameObject: {fileID: 8343119309370017366}
  m_LocalRotation: {x: -0.036545604, y: 0.36777225, z: 0.013124591, w: 0.92910486}
  m_LocalPosition: {x: 0.001543579, y: 0.77263105, z: -0.005455352}
  m_LocalScale: {x: 1, y: 1, z: 1}
  m_Children:
  - {fileID: 7717064944472758141}
  - {fileID: 4477832376037735468}
  - {fileID: 8341097777065225686}
  m_Father: {fileID: 1040730597724244332}
  m_RootOrder: 4
  m_LocalEulerAnglesHint: {x: 0, y: 0, z: 0}
--- !u!1 &8424579261088840876
GameObject:
  m_ObjectHideFlags: 0
  m_CorrespondingSourceObject: {fileID: 0}
  m_PrefabInstance: {fileID: 0}
  m_PrefabAsset: {fileID: 0}
  serializedVersion: 6
  m_Component:
  - component: {fileID: 7559523064738854813}
  m_Layer: 0
  m_Name: Backpack
  m_TagString: Untagged
  m_Icon: {fileID: 0}
  m_NavMeshLayer: 0
  m_StaticEditorFlags: 0
  m_IsActive: 1
--- !u!4 &7559523064738854813
Transform:
  m_ObjectHideFlags: 0
  m_CorrespondingSourceObject: {fileID: 0}
  m_PrefabInstance: {fileID: 0}
  m_PrefabAsset: {fileID: 0}
  m_GameObject: {fileID: 8424579261088840876}
  m_LocalRotation: {x: 0, y: -0, z: -0, w: 1}
  m_LocalPosition: {x: 4.296437e-12, y: -0.024714865, z: 0.36677477}
  m_LocalScale: {x: 1, y: 1, z: 1}
  m_Children: []
  m_Father: {fileID: 2286343403479918396}
  m_RootOrder: 0
  m_LocalEulerAnglesHint: {x: 0, y: 0, z: 0}
--- !u!1 &8773623840764246769
GameObject:
  m_ObjectHideFlags: 0
  m_CorrespondingSourceObject: {fileID: 0}
  m_PrefabInstance: {fileID: 0}
  m_PrefabAsset: {fileID: 0}
  serializedVersion: 6
  m_Component:
  - component: {fileID: 3283803589715932842}
  m_Layer: 0
  m_Name: RightHandThumb2
  m_TagString: Untagged
  m_Icon: {fileID: 0}
  m_NavMeshLayer: 0
  m_StaticEditorFlags: 0
  m_IsActive: 1
--- !u!4 &3283803589715932842
Transform:
  m_ObjectHideFlags: 0
  m_CorrespondingSourceObject: {fileID: 0}
  m_PrefabInstance: {fileID: 0}
  m_PrefabAsset: {fileID: 0}
  m_GameObject: {fileID: 8773623840764246769}
  m_LocalRotation: {x: 0.012187542, y: 0.09412966, z: 0.0731717, w: 0.9927925}
  m_LocalPosition: {x: 0.030167103, y: -0.015619701, z: 0.021190222}
  m_LocalScale: {x: 1, y: 1, z: 1}
  m_Children:
  - {fileID: 5887906654104675835}
  m_Father: {fileID: 2154091361149703877}
  m_RootOrder: 0
  m_LocalEulerAnglesHint: {x: 0, y: 0, z: 0}
--- !u!1 &8874673883602495449
GameObject:
  m_ObjectHideFlags: 0
  m_CorrespondingSourceObject: {fileID: 0}
  m_PrefabInstance: {fileID: 0}
  m_PrefabAsset: {fileID: 0}
  serializedVersion: 6
  m_Component:
  - component: {fileID: 5665127718610213025}
  m_Layer: 0
  m_Name: LeftArm
  m_TagString: Untagged
  m_Icon: {fileID: 0}
  m_NavMeshLayer: 0
  m_StaticEditorFlags: 0
  m_IsActive: 1
--- !u!4 &5665127718610213025
Transform:
  m_ObjectHideFlags: 0
  m_CorrespondingSourceObject: {fileID: 0}
  m_PrefabInstance: {fileID: 0}
  m_PrefabAsset: {fileID: 0}
  m_GameObject: {fileID: 8874673883602495449}
  m_LocalRotation: {x: -0.1406645, y: 0.08649623, z: 0.5166283, w: 0.84013516}
  m_LocalPosition: {x: -0.07778132, y: -0.0018707226, z: -0.017092818}
  m_LocalScale: {x: 1, y: 1, z: 1}
  m_Children:
  - {fileID: 8514553629057502967}
  m_Father: {fileID: 3891015147905283993}
  m_RootOrder: 0
  m_LocalEulerAnglesHint: {x: 0, y: 0, z: 0}
--- !u!1 &9020481734321910035
GameObject:
  m_ObjectHideFlags: 0
  m_CorrespondingSourceObject: {fileID: 0}
  m_PrefabInstance: {fileID: 0}
  m_PrefabAsset: {fileID: 0}
  serializedVersion: 6
  m_Component:
  - component: {fileID: 519798074494320152}
  m_Layer: 0
  m_Name: LSleeve
  m_TagString: Untagged
  m_Icon: {fileID: 0}
  m_NavMeshLayer: 0
  m_StaticEditorFlags: 0
  m_IsActive: 1
--- !u!4 &519798074494320152
Transform:
  m_ObjectHideFlags: 0
  m_CorrespondingSourceObject: {fileID: 0}
  m_PrefabInstance: {fileID: 0}
  m_PrefabAsset: {fileID: 0}
  m_GameObject: {fileID: 9020481734321910035}
  m_LocalRotation: {x: 0, y: -0, z: -0, w: 1}
  m_LocalPosition: {x: -0.06633201, y: -0.003448839, z: -0.012636502}
  m_LocalScale: {x: 1, y: 1, z: 1}
  m_Children: []
  m_Father: {fileID: 8514553629057502967}
  m_RootOrder: 1
  m_LocalEulerAnglesHint: {x: 0, y: 0, z: 0}
